3008 4980
235 323 238 332 '
351 353 355 361 ·
392 337 415 388 3.
439 328 602 402 λευγαλέας.
627 323 720 399 γύαλα
738 323 884 400 θώρηκος·
906 325 1052 400 ἐπίουρος·
1248 333 1304 394 107

139 504 199 566 τοῦ
220 495 378 584 θώρακος
403 497 522 584 γύαλον
553 495 611 562 διὰ
637 495 695 585 τὴν
715 489 892 582 κοιλότητα
914 491 1016 580 λέγει,
1045 486 1083 560 ού
1104 488 1205 577 μέρος
1226 486 1306 575 ώρι-
1325 496 1372 546 107

139 605 262 690 σμένον
282 611 339 673 τού
361 600 527 692 θώρακος.
570 608 664 686 Quod
686 605 784 671 schol.
807 604 860 670 BL
882 605 959 669 dieii
980 603 1082 684 possis
1103 605 1225 701 putare
1238 623 1307 665 esse

142 718 329 803 opinionem
357 717 397 780 ab
419 716 605 781 Aristarcho
627 715 811 793 refutatam,
840 716 959 778 temere
981 713 1141 796 arreptam
1162 731 1202 774 ex
1223 708 1308 773 eius-

139 825 228 890 modi
256 824 336 890 loois
364 823 466 908 qualis
493 824 546 889 hio
573 826 636 889 est:
665 818 721 886 καί
740 813 815 903 βάλ’
845 815 1063 893 ἐπαΐσσοντα,
1094 813 1198 894 τυχών
1223 812 1308 878 κατὰ

140 928 249 1010 δεξιὸν
270 921 377 1012 ώμον,
405 929 559 1018 θώρηκος
586 923 725 1013 γυάλον,
755 952 827 994 oum
848 932 956 994 tamen
978 926 1033 992 alii
1053 925 1115 991 loci
1137 924 1202 990 sint
1223 924 1308 989 eius-

139 1038 227 1104 modi
252 1030 337 1120 βώλε
363 1035 505 1123 γαστέρα
533 1034 672 1123 μέσσην,
704 1036 781 1122 ῥῆξε
814 1032 850 1100 δέ
876 1033 1030 1120 θώρηκος
1058 1026 1197 1117 γύαλον,
1222 1028 1307 1094 κατὰ

139 1147 265 1232 στῆθος
278 1139 381 1226 βάλεν
394 1138 436 1230 ἰῷ
450 1142 606 1232 θώρηκος
623 1140 755 1230 γύαλον.
784 1145 921 1228 Reliqua
934 1142 1109 1208 Aristonici
1123 1139 1308 1206 leslimonia

139 1257 215 1318 sunl
237 1255 265 1314 Ε
279 1258 347 1321 189.
376 1258 412 1316 Ν
430 1262 501 1323 507.
535 1257 646 1324 0530.
688 1248 1084 1336 Τ361(κραταιγύαλος).
1117 1248 1156 1314 V.
1178 1247 1308 1311 Passov.

139 1364 173 1425 et
193 1360 329 1427 Pausan.
352 1360 381 1426 X
402 1368 451 1444 26,
472 1369 501 1428 5.

686 1535 696 1540 ..
702 1532 836 1540 .-...-—-

618 1687 824 1777 Ἐπίουρος

552 1846 572 1907 ι’.
594 1868 622 1929 q.
646 1833 754 1929 ούρος,
775 1858 888 1909 mestos.

217 2009 390 2076 Herodian.
410 2013 445 2072 N
457 2017 518 2078 450
536 2004 648 2097 Κρήτη
664 2004 837 2095 ἐπίουρονε
855 2011 953 2074 τούτο
968 2008 1087 2091 τριχῶς
1105 1996 1306 2087 ἀνεγνώσθη.

134 2112 323 2200 Ζηνόδοτος
336 2114 398 2200 γὰρ
414 2112 458 2193 ώς
474 2111 661 2201 ἐπίκουρον,
685 2113 899 2200 ἐκδεχόμενος
919 2111 1061 2200 βασιλέα
1082 2110 1138 2177 καί
1160 2103 1307 2198 φύλακα·

134 2221 192 2289 καί
209 2218 422 2307 Ἀρίσταρχος
444 2221 481 2289 δέ
503 2220 620 2302 οὕτως,
654 2219 868 2308 ἐκδεχόμενος
888 2222 946 2290 τόν
967 2216 1115 2309 φύλακα·
1144 2215 1308 2300 μέμνηται

135 2329 173 2397 dd
199 2329 257 2396 καί
285 2323 305 2401 ό,
327 2325 477 2412 Δίδυμος
502 2335 558 2419 τῆς
590 2325 788 2409 ἀποδόσεως
815 2329 871 2396 καί
897 2325 1038 2415 Τρύφων
1060 2333 1150 2415 (puta
1170 2328 1205 2391 in
1225 2325 1307 2390 libro

135 2435 213 2523 περὶ
235 2431 376 2521 ἀρχαίας
397 2432 629 2524 ἀναγνώσεως).
672 2437 777 2506 ἐκεῖνο
806 2435 843 2504 δὲ
864 2432 1086 2525 προστίθησιν
1108 2429 1126 2502 ό
1153 2426 1305 2519 Τρύφων,

135 2543 188 2612 ότι
214 2539 232 2613 ό
256 2543 412 2631 ἐπίουρος
438 2540 483 2624 ώς
512 2542 697 2625 ἐπίσκοπος
727 2541 765 2614 ού
792 2542 925 2623 πάντως
950 2539 1016 2626 ἔχει
1043 2537 1231 2629 ἐγκείμενον
1251 2536 1309 2606 τόν

137 2645 236 2739 ούρον
256 2652 313 2721 τὸν
332 2650 468 2741 φύλακα
489 2652 575 2719 κατὰ
593 2650 713 2742 ταύτην
731 2653 790 2743 τὴν
809 2648 986 2721 ἀπόδοσιν·
1008 2648 1041 2717 τί
1061 2649 1122 2737 γὰρ
1144 2641 1309 2715 κεκώλυκε

136 2760 230 2847 παρὰ
243 2759 281 2829 τό
298 2754 366 2846 ὁρώ
381 2751 468 2827 εἶναι
482 2758 621 2847 ἐπίορον
635 2761 693 2828 καί
707 2758 865 2847 ἐπίουρον
885 2759 943 2827 τόν
965 2758 1161 2844 ἐπιορώντα,
1184 2754 1309 2844 ἐψιλώ-

136 2873 223 2934 σθαι
238 2866 275 2934 όέ
290 2869 349 2934 διὰ
362 2867 422 2959 τὴν
436 2867 615 2936 ἐπένθεσιν
629 2875 689 2936 τοῦ
704 2896 739 2950 υ,·
762 2869 819 2936 καί
831 2864 926 2958 ἡμεῖς
941 2864 977 2933 δὲ
991 2862 1308 2951 συγκατατιθέμεθα

136 2972 276 3054 τούτοις.
319 2971 383 3042 εἶσὶ
409 2974 446 3043 δέ
475 2971 512 3042 οἳ
530 2972 737 3068 ἀνέστρεψαν
763 2976 824 3064 τὴν
844 2970 1026 3062 πρόθεσιν,
1052 2968 1164 3062 Κρήτη
1186 2967 1253 3037 ἐπι.
1289 2966 1307 3036 ὁ
1332 2975 1334 2979 ’

137 3081 175 3150 dd
192 3079 436 3173 Ἀσκαλωνίτης
455 3082 636 3172 παρέλκειν
657 3080 786 3174 ἡγεῖται
805 3083 863 3173 τὴν
886 3080 957 3163 ἐπί,
984 3080 1038 3150 διὸ
1060 3078 1190 3147 καὶτὸν
1212 3074 1308 3145 τόνον
1321 3084 1392 3154 (115)

137 3188 303 3278 φυλάσσει
315 3195 374 3281 τῆς
387 3189 594 3276 προθέσεως,
619 3188 745 3276 ὁμοίως
765 3196 812 3278 τῷ
833 3195 949 3277 ,,βοών
965 3185 1188 3274 ἐπιβουκόλος
1209 3182 1311 3276 ύνηρίί

138 3308 170 3385 (γ
191 3304 275 3384 422).

222 3409 319 3494 Apud
340 3409 537 3495 Hesychium
559 3410 648 3494 (nem
669 3409 837 3494 Apollonii
858 3409 940 3488 loeo,
962 3410 1109 3505 τούτου
1131 3411 1216 3485 sunt,
1239 3429 1309 3471 eor-

138 3517 324 3603 ruplissimo
360 3540 491 3602 prorsus
518 3517 567 3583 uli
599 3539 664 3582 non
689 3517 777 3600 licei)
805 3516 884 3582 haee
912 3519 950 3582 de
983 3520 1115 3582 aooenlu
1140 3517 1310 3602 leguntur:

139 3617 312 3710 ἐπίουρος·
333 3617 363 3688 εἰ
376 3621 437 3706 μέν
457 3620 787 3709 προπερισπωμένως
807 3622 948 3712 περισσὴ
970 3620 990 3708 ἡ
1010 3616 1189 3710 πρόθεσις·
1213 3612 1311 3706 οὖρος

139 3728 201 3817 γὰρ
224 3725 243 3796 ό
262 3726 380 3818 φύλαξ.
416 3725 446 3796 εἰ
468 3727 504 3796 δέ
525 3726 825 3816 προπαροξυτόνως
845 3731 948 3798 πάλιν
970 3727 988 3796 ό
1012 3729 1128 3818 φύλαξ.
1165 3723 1234 3796 ἀπὸ
1257 3731 1308 3810 ξυ-

140 3832 232 3902 λίνου
256 3834 424 3921 ἐπιούρου.
468 3839 541 3926 Ego
562 3862 628 3905 non
650 3840 813 3927 intelligo,
835 3842 862 3906 si
883 3840 1097 3919 Aristarchus,
1117 3844 1155 3905 ut
1175 3841 1308 3919 videtur,

140 3942 298 4028 ἐπιουρος
311 3970 351 4013 ex
366 3937 462 4031 ούρος
480 3948 600 4013 factum
617 3950 753 4032 putabal
770 3951 881 4014 eadem
903 3947 1146 4034 significatione,
1166 3970 1222 4014 cnr
1242 3969 1309 4012 non

140 4055 302 4139 scripserit
331 4049 497 4137 ἐπιούρος.
542 4055 636 4134 Quod
655 4079 721 4122 non
747 4057 835 4137 feeit,
862 4060 1018 4142 quonium
1044 4079 1083 4122 ex
1103 4056 1308 4121 Herodianeo

140 4161 261 4227 scholio
283 4162 422 4249 intelligi
443 4162 528 4229 licet.
571 4162 656 4230 Nam
682 4165 819 4230 valuisse
845 4169 954 4231 tamen
975 4168 1068 4250 putes
1090 4163 1247 4250 regulam,
1273 4165 1308 4228 in
1327 4177 1374 4228 108

141 4290 238 4354 quam
260 4291 335 4334 mox
360 4270 505 4355 proxime
531 4275 641 4336 nostre
667 4273 779 4358 legens
806 4274 933 4358 saepius
962 4273 1099 4350 incides,
1130 4272 1308 4355 composita

140 4377 272 4444 nomino
291 4371 363 4444 dnm
378 4379 624 4464 praepositione,
638 4379 695 4445 ubi
709 4379 791 4444 nihil
806 4402 907 4446 novae
922 4380 1166 4467 significationis
1179 4380 1308 4458 aceedit,
