3008 4980
212 321 272 382 280
662 312 711 367 IV·
732 311 775 366 De
790 309 927 383 nundir-

213 503 306 545 aures
326 481 500 565 praebebo,
528 481 555 544 si
575 504 626 547 me
648 480 803 546 edoceant
823 503 866 544 an
886 503 921 544 re
942 501 1018 544 vera
1038 478 1204 563 scripserit
1222 477 1377 545 Herodia-

212 612 274 654 nus
296 589 383 673 qnod
400 588 539 674 legimus
558 589 600 653 ad
621 588 707 653 hunc
727 611 854 654 versum
867 586 977 653 Iliadis
998 581 1056 650 καὶ
1075 577 1103 670 ῥ’
1124 578 1228 666 istola
1240 583 1378 650 Kleitor

211 690 419 782 Πεισήνορος
440 688 566 778 ἀγλαὸν
586 688 659 760 υἱόν
684 697 806 764 0445ε
835 685 977 770 Κλειτός
998 686 1106 775 όνομα
1127 683 1259 773 κόριον·
1286 684 1377 772 όξιν-

212 798 287 868 τέον
308 799 346 866 δέ
365 797 493 885 ὁμοίως
511 806 559 887 τῷ
580 799 746 887 ἐπιθέτῳ,
768 800 888 888 ἐπειδὴ
910 795 1037 883 κόσμου
1057 795 1126 865 ἐστὶ
1149 797 1188 866 τό
1210 794 1377 868 ἐπίθετον.

214 911 289 976 Cod
310 910 397 976 Leid.
424 911 487 976 hoc
512 910 643 976 exhibet
667 908 828 976 scholion:
863 902 1058 996 ἀμφίβολόν
1084 904 1157 973 ἐστι
1175 903 1317 991 πότερον
1340 905 1377 971 τὸ

214 1009 344 1082 κλιιτόν
368 1013 456 1081 ἐστιν
483 1009 590 1098 ὄνομα
617 1010 697 1103 iisd
720 1010 857 1101 ἀγλαόν.
900 1011 959 1080 καί
984 1039 1071 1094 τινες
1094 1012 1157 1099 μὲν
1177 1006 1378 1081 vilitatis

215 1144 313 1213 φασι,
339 1122 544 1208 παράλογον·
571 1123 712 1190 Κλεῖτον
737 1122 800 1208 γὰρ
820 1118 892 1190 ἔδει
911 1114 998 1188 εἶναι
1017 1120 1104 1210 πρὸς
1123 1116 1379 1209 ἆντιδροστολόν

213 1236 273 1297 τοῦ
287 1225 427 1309 κλειτόν,
450 1222 471 1295 ό
492 1227 646 1318 σημαίνει
664 1229 722 1299 τόν
741 1227 888 1311 ἔνδοξον·
911 1223 1049 1314 όμεινον
1071 1221 1129 1297 σόν
1149 1227 1188 1295 τό
1208 1227 1272 1313 μέν
1292 1229 1378 1295 ater·

214 1338 269 1405 ιόν
284 1333 357 1404 ἀντὶ
369 1342 430 1404 τοῦ
443 1333 589 1419 ἔνδοξον,
604 1336 641 1405 τὸ
655 1336 692 1404 δέ
704 1333 848 1422 Ἀγλαόν
863 1331 936 1403 ἀντὶ
949 1334 1064 1423 κυρίου
1078 1332 1245 1421 ὀνόματος
1257 1334 1377 1421 ἐκλαμ-

214 1441 337 1530 βάνειν.
372 1447 454 1513 Mihi
473 1447 566 1529 illud,
587 1448 675 1533 quod
692 1448 793 1513 codex
812 1447 959 1514 Venetus
978 1447 1086 1529 habet
1105 1446 1266 1532 longioris
1285 1451 1377 1513 notae

214 1555 355 1620 lacerum
378 1555 596 1640 fragmentum
620 1556 753 1621 videtur.
794 1554 1039 1638 Disceptaverat
1059 1558 1232 1638 utramque
1252 1559 1377 1620 senten·

150 1673 199 1724 284
215 1663 294 1726 tiam
315 1662 518 1727 Herodianus
544 1667 642 1747 atque
667 1663 702 1726 in
726 1662 789 1727 hac
817 1662 1035 1745 disputatione
1055 1661 1148 1727 locus
1168 1666 1240 1728 erat
1259 1685 1324 1747 quo
1340 1663 1377 1728 de

215 1769 345 1855 proprio
363 1761 506 1852 Ἀγλαός
519 1773 598 1852 (nou
613 1771 652 1834 de
666 1768 820 1853 Κλειτος)
843 1768 968 1833 dixerat
988 1761 1167 1848 ,,όξιντέον
1189 1761 1318 1851 ὁμοίως
1335 1770 1378 1853 τῷ

216 1873 382 1962 ἐπιθέτῳ,
409 1871 526 1959 ἐπειδὴ
551 1870 676 1956 κόσμου
702 1871 771 1940 ἐστὶ
796 1873 834 1940 τό
855 1870 1059 1956 ἐπίθετονίί,
1087 1900 1154 1961 quc
1174 1877 1256 1941 milri
1276 1877 1377 1961 ipsam

215 1979 341 2065 κόσμου
363 1984 477 2049 ducere
498 1982 635 2064 videtur,
663 1984 750 2067 quod
771 1984 810 2048 de
831 1975 958 2068 ἀγλαός
982 1986 1147 2071 aptissime
1173 1984 1298 2050 dictum
1319 1987 1377 2059 est3

216 2092 255 2156 de
278 2087 405 2166 κλεινός
430 2090 565 2155 fortasse
592 2091 700 2175 potius
725 2091 857 2155 dixisset
884 2084 984 2177 δόξης
1004 2089 1073 2157 ἐστὶ
1093 2091 1132 2156 τὸ
1153 2086 1316 2157 ἐπίθετον
1331 2090 1378 2156 rel

216 2198 370 2264 similiter.
406 2197 496 2263 Euat
513 2197 545 2261 h.
560 2197 581 2262 l.
596 2197 678 2262 nibil
697 2221 793 2283 quam
811 2198 887 2263 hoc:
908 2197 1050 2277 Κλεῖτος
1071 2195 1108 2264 δέ
1127 2189 1171 2283 ἦν
1192 2193 1212 2264 ὁ
1233 2200 1379 2274 τοιοῦτος

216 2298 484 2386 όνιιτσνοόμενος
503 2307 550 2389 τῷ
571 2301 691 2389 κλειτῷ
711 2298 789 2390 ἤτοι
811 2301 936 2392 ἐνδόξῳ
948 2309 1000 2371 ¹⁹⁷.

134 2422 206 2498 (295)
299 2411 375 2479 Non
403 2416 526 2478 mutare
552 2413 701 2478 videntur
725 2417 892 2479 accentum
913 2415 1070 2480 adiectiva
1090 2417 1125 2479 in
1147 2416 1223 2492 αἷος
1243 2415 1378 2500 exceptis

215 2520 325 2605 paucis
347 2544 366 2585 a
386 2521 530 2587 Deorum
550 2522 735 2587 nominibus
757 2522 870 2586 ductis.
903 2521 993 2607 Ergo
1014 2525 1043 2584 B
1061 2528 1122 2590 842
1139 2519 1309 2599 Hilotae:
1325 2523 1379 2585 roi

215 2623 369 2705 Πόλαιος
394 2624 454 2712 τὴν
475 2621 607 2713 πρώτην
628 2621 840 2714 όξυιονηιέον
866 2626 952 2713 πρὸς
972 2620 1229 2716 δινυιδιαστσλὴν
1247 2631 1309 2696 τοῦ
1326 2650 1378 2692 τσ-

215 2740 319 2801 πικοῦ
345 2740 495 2821 pntamus
522 2741 662 2802 erratum
689 2759 757 2802 esse
787 2738 828 2803 ab
849 2736 1051 2816 Herodiano,
1084 2737 1222 2804 fortasse
1248 2738 1315 2804 iam
1339 2737 1377 2802 ab

215 2843 410 2911 Aristarcho.
446 2844 485 2909 V.
508 2843 599 2924 infra,
620 2845 676 2909 ubi
698 2845 736 2910 de
758 2837 916 2930 Πήδαιος
937 2845 1079 2910 dicemus
1091 2846 1143 2910 ¹⁰⁸.

283 3029 320 3070 19⁷
335 3025 365 3080 si
381 3023 479 3096 ἄκρως
496 3025 631 3095 Byzantia
648 3026 788 3096 attingere
805 3027 879 3094 licet,
896 3027 927 3082 in
946 3031 1070 3083 mentem
1087 3028 1165 3085 venit
1180 3029 1283 3101 Βαρός
1298 3029 1378 3086 medi·

217 3129 264 3166 cus
282 3111 427 3165 Cantacua.
446 3109 476 3163 Τ.
496 3110 509 3162 Ι
526 3128 553 3179 p.
572 3115 629 3174 403,
648 3115 687 3164 13.
706 3116 745 3167 22.
764 3117 822 3176 405,
840 3117 865 3167 6.
897 3103 1008 3168 τοιαῦτ’
1025 3105 1139 3168 εἰπόντι
1155 3114 1254 3184 Βαρεῖ
1266 3120 1324 3179 4⁰³,
1341 3119 1379 3170 13.

216 3195 253 3250 Et
270 3199 367 3251 contra
384 3193 501 3263 Niceph.
522 3193 635 3262 Gregor.
655 3199 716 3258 293,
735 3201 750 3248 5
773 3188 833 3265 εἶχε
857 3197 883 3250 δ’
907 3195 1005 3268 ἐκείνη
1025 3199 1224 3269 θεραπαινίδα
1240 3195 1381 3270 Καθαρδτ

216 3279 400 3350 κεκλημένον,
428 3271 519 3348 ταύτῃ
540 3278 637 3347 λάθρα
657 3279 753 3345 μιγεὶς
775 3277 791 3333 ὁ
809 3274 952 3350 δεσπότης
974 3273 1074 3337 ἔτεκεν
1090 3273 1167 3345 olda,
1192 3271 1229 3339 όν
1242 3283 1295 3338 καὶ
1310 3275 1380 3339 δνό-

216 3379 292 3431 μασε
309 3363 425 3432 Μιχαὴλ
442 3352 609 3430 Κανθαρόν.
640 3361 783 3430 Καδαρᾶς
800 3367 857 3426 293,
876 3368 915 3418 10.

282 3450 320 3490 19³
337 3443 521 3514 Tyrannionis
534 3444 674 3513 quendam
691 3444 722 3499 in
738 3445 791 3500 hac
809 3463 838 3501 re
856 3464 976 3504 errorem
994 3450 1098 3506 adeant
1114 3449 1169 3521 ipsi
1186 3451 1237 3520 qui
1251 3451 1322 3507 haee
1338 3468 1379 3506 cn·

215 3534 280 3585 rant
301 3534 378 3584 Y72.
401 3560 435 3569 -
456 3527 586 3583 Ceterum
610 3527 780 3598 perspicient
800 3528 989 3601 intelligentes
1012 3533 1081 3604 quid
1103 3534 1250 3605 egerimus
1282 3534 1315 3590 In
1330 3534 1379 3589 ain

215 3614 287 3684 gulis
313 3614 447 3669 librorum
474 3615 591 3685 peccata
618 3611 717 3667 afferre
738 3613 809 3668 nibil
830 3618 941 3684 poterat
962 3618 1070 3674 fructus
1091 3619 1196 3675 habere
1218 3619 1268 3675 sed
1288 3619 1380 3676 taedii.

216 3699 257 3753 Ne
274 3691 388 3767 Γόργος
406 3697 519 3766 quidem
537 3697 642 3766 ubique
659 3699 734 3752 recte
751 3691 889 3754 scribitur.
923 3701 1218 3772 Nec'conquisivimus
1235 3703 1380 3774 inquibus

214 3781 393 3838 Eustathium
409 3781 595 3837 intelleximus
613 3781 671 3836 sola
687 3780 837 3852 Philoponi
854 3786 1022 3841 auctoritate
1039 3787 1105 3853 niti3
1123 3787 1189 3844 huic
1207 3787 1284 3844 enim
1300 3788 1381 3844 iidem

215 3867 349 3922 habemus
370 3865 482 3921 nullam.
516 3865 573 3921 Nec
595 3866 740 3921 attulimus
763 3884 834 3936 quae
856 3872 952 3938 aperte
975 3870 1045 3925 falso
1069 3871 1195 3928 iudicata
1212 3890 1381 3943 quamquem

217 3952 252 4006 de
271 3953 387 4005 accentu
406 3950 556 4013 credimus;
580 3952 612 4004 ut
634 3968 697 4005 cum
714 3950 813 4007 volunt
831 3951 918 4008 Ulixis
940 3954 1046 4009 socium
1060 3959 1153 4021 Βαῑος
1169 3957 1278 4013 dictum
1294 3962 1328 4014 ut
1341 3958 1381 4013 di-

216 4035 373 4104 stinguatur
383 4051 401 4088 a
411 4030 507 4105 βαιόςς
525 4036 573 4090 sed
584 4035 608 4090 is
621 4037 663 4090 est
674 4053 691 4090 a
702 4035 784 4090 Baiis.
814 4037 840 4090 N
843 4054 874 4093 ec
886 4055 958 4107 quae
970 4039 1088 4095 nimium
1105 4040 1214 4098 incerta
1232 4046 1266 4098 ut
1281 4058 1382 4099 norum

215 4118 426 4174 Macedonicum
442 4120 565 4185 Κοῖνος,
590 4121 666 4190 quod
688 4137 725 4174 an
747 4120 783 4174 sit
803 4115 903 4186 κοινός
923 4127 1011 4188 recte,
1033 4125 1064 4179 ni
1081 4126 1175 4191 fallor,
1194 4126 1336 4193 dubitavi,
1352 4130 1382 4182 ct

216 4198 314 4267 Κάκος
343 4203 450 4272 (Cacus)
471 4221 508 4258 an
530 4205 566 4259 sit
590 4199 687 4269 κακός.
728 4205 785 4260 Nec
810 4203 860 4259 ubi
885 4206 962 4261 nulla
983 4208 1108 4266 innotuit
1129 4211 1200 4266 mihi
1221 4211 1277 4267 fide
1297 4211 1382 4283 digna

216 4287 392 4358 grammatici
414 4289 569 4346 observatio
597 4307 649 4344 nec
677 4290 798 4346 occurrit
819 4288 1021 4348 simillimorum
1051 4297 1222 4367 exemplum,
1248 4296 1327 4351 libris
1349 4299 1383 4351 ut

217 4373 306 4431 solent
328 4373 540 4441 fluctuantibus,
563 4374 664 4444 quibus
686 4378 719 4432 ut
739 4374 805 4432 satis
828 4373 1076 4436 demonstravimus
1099 4397 1134 4437 ne
1159 4380 1383 4454 conspirantrbm
