3008 4980
265 352 288 400 4.
317 344 358 401 De
375 344 571 417 grammaticis,
589 343 637 413 qui
655 341 823 402 ἐνστατικοὶ
838 345 868 398 et
884 339 1001 400 λυτικοί
1016 341 1085 398 dicti
1102 343 1174 399 sunt.
1245 318 1302 410 199

136 514 221 580 Tum
241 513 424 580 Heraclitus
445 518 568 580 veteres
587 517 699 598 poetas
720 513 946 593 insectabatur,
968 511 1175 577 severissimis
1196 509 1302 576 verbis
1314 502 1389 576 (208)
1441 538 1444 542 ⁴

136 644 214 687 usus
227 621 283 701 ¹¹⁸,
303 626 336 686 et
357 622 420 690 alii.
459 622 503 686 Hi
525 643 635 686 omnes
662 621 689 685 si
710 622 751 684 ad
770 620 867 704 prisci
888 624 1003 705 poetae
1024 620 1167 685 rationes
1191 640 1303 684 caecu-

135 730 253 795 tientes
272 730 386 794 acerba
408 753 481 794 eum
503 752 577 794 curn
596 728 744 793 irrisione
765 730 862 811 atqua
885 727 1110 813 obiurgatione
1131 726 1303 810 increpita·

135 841 219 915 runt,
242 837 319 921 quid
338 838 455 901 mirum
477 836 635 902 exstitisse
658 838 777 914 contra,
800 836 856 918 qui
877 839 983 901 vatem
1002 837 1094 899 tanta
1115 834 1219 920 gloria
1242 834 1304 898 cir·

136 945 321 1024 cumlatum,
341 945 439 1009 immo
453 947 545 1008 tanta
565 943 663 1029 vulgo
684 943 804 1028 pietate
823 946 992 1026 exceptum
1014 942 1183 1007 defendere
1205 962 1303 1005 cona·

136 1056 248 1117 rentur
276 1058 308 1116 et
335 1052 508 1116 invidiosas
537 1050 775 1115 criminationes
808 1050 949 1118 diluere?
984 1048 1022 1114 In
1055 1071 1119 1133 quo
1151 1049 1303 1134 plerique,

135 1159 220 1224 viam
247 1159 459 1243 aTheagene
481 1161 693 1223 monstratam
713 1157 886 1242 persecuti,
915 1157 956 1222 ad
978 1157 1167 1243 allegoriam
1189 1155 1303 1220 confu-

136 1267 316 1351 gerunt119,
338 1265 393 1331 alii
408 1265 477 1330 eliis
493 1264 751 1330 excusationibus
772 1265 822 1331 usi
844 1269 929 1330 sunt.
967 1264 1041 1328 Huc
1062 1263 1196 1329 accessit
1216 1261 1303 1346 quod

135 1372 324 1438 Homericos
337 1395 447 1439 versus
470 1372 726 1437 ennarrationes
747 1373 812 1437 iam
831 1372 943 1458 primis
965 1370 1164 1455 temporibus
1186 1369 1303 1453 partim

135 1481 169 1544 in
192 1481 353 1545 communi
374 1481 440 1545 vita
460 1479 586 1564 (plenus
607 1478 826 1564 exemplorum
848 1483 897 1544 est
916 1479 1108 1564 Diogenes),
1130 1478 1248 1562 partim
1269 1477 1304 1540 in

137 1588 408 1672 disputationibus
434 1587 631 1653 doctioribus
652 1585 704 1652 vel
730 1587 813 1652 serio
837 1586 888 1653 vel
915 1586 955 1651 ad
977 1585 1132 1650 orationis
1154 1588 1303 1649 ornatum
1365 1671 1370 1682 .

135 1695 255 1778 ubique
280 1695 495 1760 adsciverunt:
532 1717 595 1779 qua
622 1694 656 1758 in
685 1716 720 1759 re
747 1716 806 1759 suo
833 1693 970 1777 quisque
997 1692 1130 1778 ingenio
1156 1691 1191 1756 in
1219 1692 1303 1756 vitu·

135 1801 277 1886 perando
293 1823 329 1865 ac
344 1801 543 1866 defendendo
559 1803 752 1868 abuteretur.
787 1799 840 1867 Sic
856 1800 974 1866 exarsit
987 1803 1112 1865 mature
1134 1800 1302 1864 criminan-

135 1910 217 1973 tium
247 1912 280 1974 et
304 1908 575 1993 patrocinantium
604 1908 782 1988 sententie,
811 1911 924 1973 mutuo
957 1907 1088 1972 incensa
1120 1906 1301 1972 certamine.

136 2015 398 2100 Quotusquisque
421 2014 505 2080 enim
533 2014 642 2094 firerit,
672 2038 768 2099 quem
796 2016 929 2081 crimina
953 2014 1016 2079 ista
1044 2018 1248 2080 contemnere
1270 2017 1304 2079 et

135 2123 237 2187 multa
256 2123 290 2187 in
311 2122 402 2207 poesi
423 2143 490 2186 non
512 2122 552 2186 ad
573 2123 726 2187 amussim
748 2123 956 2207 expendenda
982 2143 1051 2187 esse
1072 2121 1124 2186 vel
1145 2121 1302 2206 cupiditas

134 2232 185 2296 vel
207 2232 284 2296 artis
305 2229 442 2295 infantia
464 2228 645 2314 intelligere
667 2253 762 2314 passa
783 2231 848 2295 sit?
868 2230 1062 2295 Defensores
1085 2229 1214 2314 quidem
1235 2233 1303 2294 tam

134 2339 253 2404 multos
270 2337 384 2403 habuit
397 2340 495 2421 poeta
508 2339 642 2421 tamque
658 2338 799 2422 cupidos,
820 2341 858 2403 nt
872 2342 959 2403 certo
975 2359 1011 2402 ac
1024 2338 1155 2422 proprio
1173 2337 1303 2402 nomine

132 2439 276 2530 Ὁμήρου
292 2439 466 2508 ἐπαινέται
477 2444 520 2487 ¹¹⁰
536 2444 598 2508 dici
612 2448 819 2525 mererentur,
833 2445 1001 2523 vocabulo,
1021 2447 1059 2509 ut
1074 2464 1133 2529 ego
1150 2445 1302 2529 suspicor,

136 2553 175 2617 ad
196 2552 377 2617 irrisionem
397 2552 539 2617 invento.
579 2548 618 2616 ln
640 2573 703 2635 qna
723 2573 757 2615 re
780 2573 853 2616 cum
874 2574 941 2617 non
961 2555 1089 2617 tantum
1109 2551 1369 2636 philosophiam

136 2659 193 2724 sed
218 2658 393 2724 mediocres
419 2658 567 2724 homines
593 2660 626 2722 et
654 2658 806 2741 rhapsodi
831 2659 1017 2743 praecipue,
1048 2681 1107 2724 nec
1136 2659 1223 2724 docti
1244 2679 1304 2722 nec

136 2765 306 2851 ingeniosi,
328 2766 390 2830 sibi
413 2769 521 2850 partes
540 2768 711 2844 sumerent,
732 2765 801 2831 iure
820 2769 932 2831 nostro
954 2767 1130 2851 opinamur,
1148 2767 1213 2830 iam
1234 2768 1304 2829 tum

134 2873 272 2959 pingues
285 2871 440 2956 plurimas
454 2872 553 2937 fixisse
575 2871 787 2953 defensiones,
809 2873 921 2957 quales
942 2896 1045 2957 usque
1066 2874 1107 2938 ad
1129 2877 1303 2939 extremam

135 2983 273 3045 aetatem
301 2979 400 3044 fuisse
433 2979 653 3064 cognovimns.
697 2977 735 3044 ln
764 2979 951 3046 melioribus
973 2979 1128 3047 Socratici
1149 2980 1303 3064 temporis

136 3086 370 3165 laudatoribus,
397 3087 424 3151 si
444 3086 653 3172 Xenophonti
674 3087 753 3151 fides
775 3091 838 3165 est,
861 3086 998 3153 Glaucus
1019 3092 1052 3153 et
1072 3086 1303 3154 Stesimbrotns

136 3192 275 3272 fuerunt,
302 3215 439 3277 quorum
457 3193 619 3277 hodieque
640 3193 777 3277 aliquot,
805 3195 861 3259 sed
882 3195 1014 3280 exiguas
1035 3195 1191 3260 habemus
1214 3194 1386 3266 solu-(204)

137 3301 252 3379 tiones,
273 3299 373 3366 schol.
395 3303 434 3364 A
455 3304 525 3368 636.
553 3302 580 3366 0
605 3306 672 3370 193.
700 3305 730 3363 (D
751 3309 766 3366 7
772 3307 800 3368 6.
823 3301 862 3368 cf.
886 3302 1017 3368 Aristot.
1037 3306 1123 3387 poet.
1137 3301 1241 3368 XXVI
1256 3308 1304 3368 23.

220 3493 290 3572 §2
325 3491 374 3556 Ac
400 3490 612 3576 prudentibus
640 3491 785 3576 profecto
807 3513 888 3576 opus
909 3492 972 3557 fuit
991 3495 1106 3577 poetae
1129 3492 1305 3558 defensori·

136 3599 206 3663 bus.
253 3597 385 3665 Etenim
413 3601 559 3664 exortum
588 3603 657 3664 erat
684 3621 804 3664 novum
831 3620 934 3684 genus
963 3599 1244 3684 reprehensorum,
1273 3604 1306 3666 et

136 3695 224 3770 laudi
253 3705 382 3789 quidem
412 3705 493 3771 vatis
524 3705 588 3771 illis
620 3705 849 3773 vetustioribus
882 3706 1102 3792 periculosius.
1149 3707 1194 3773 Hi
1219 3708 1306 3774 enirn

137 3833 203 3877 non
228 3812 327 3896 impie
355 3834 429 3877 eum
457 3813 609 3879 cecinisse
637 3815 802 3880 iactabant
822 3814 878 3879 sed
899 3814 1021 3898 inepte:
1052 3836 1180 3880 versum
1200 3815 1306 3880 versui

136 3939 325 4004 repugnare,
346 3920 538 3985 sententiam
559 3920 752 4002 sententiae,
774 3942 841 3987 non
864 3921 1019 4008 distingui
1040 3921 1195 3987 vocabula
1217 3920 1306 3986 sinri-

135 4025 211 4090 liter
232 4026 459 4110 significantia,
485 4026 616 4093 horrere
642 4028 834 4114 stribligine.
877 4027 1045 4113 Sophistas
1068 4029 1148 4096 dico.
1199 4029 1243 4094 Hi
1265 4029 1306 4093 od

136 4162 345 4172 ————

205 4226 242 4266 1¹⁸
262 4222 342 4294 Diog.
361 4224 408 4280 La.
426 4224 465 4279 IX
484 4230 507 4279 1.

205 4309 242 4350 1¹⁹
264 4308 306 4363 De
324 4308 367 4363 his
384 4311 449 4379 post
466 4308 598 4364 Wolfium
614 4310 742 4380 exposuit
759 4310 914 4367 Lobeckius
932 4312 994 4381 Agl.
1013 4312 1026 4366 Ι
1044 4329 1071 4382 p.
1092 4317 1139 4368 155
1158 4329 1218 4380 sqq.

206 4394 243 4435 ¹2⁰
264 4393 384 4449 Nitasch.
402 4393 489 4464 praef.
507 4393 544 4448 ad
562 4394 632 4450 Plat.
651 4394 709 4450 Ion.
729 4412 751 4450 c.
770 4395 804 4449 II.
