3008 4980
215 341 276 404 288
662 331 711 389 IV.
733 331 774 386 De
791 329 929 401 prosodia.

151 514 201 568 τοι
218 499 324 584 plecti,
345 521 385 564 ne
408 499 511 564 mulla
532 498 674 582 quidem,
694 500 752 566 sed
772 503 900 566 tentum
924 500 1081 582 quantum
1101 495 1181 560 haee
1201 493 1382 578 fragmenta

216 607 365 693 flagitent
373 605 427 674 ²⁰⁵.

135 707 205 792 (3⁰3)
299 713 418 779 Herod.
441 716 471 776 Β
493 719 553 782 592
575 711 632 779 καί
656 703 980 800 Θρύον,”Λλφειοῖο
1006 703 1126 797 πόρον,
1152 706 1210 774 καί
1235 701 1383 773 ἐύκτιτον

216 826 255 886 A
260 813 346 885 imi:
364 814 575 904 Ἀρίσταρχος
589 815 635 898 ὡς
649 814 719 901 ὀξύ·
742 814 1021 908 συγκατατίθεται
1036 814 1073 884 δὲ
1088 811 1176 904 αύτῷ
1188 813 1247 883 καί
1258 809 1382 881 Ἀπσλ-

218 922 374 1013 λόδωρος.
420 924 606 1016 Φερεκύδης
633 925 669 995 δὲ
698 923 921 1017 δἈθηναῖος
943 925 981 994 τὸ
1007 922 1068 1009 μὲν
1096 919 1246 992 ἐύκτιτον
1272 914 1383 1007 κόριον

218 1027 324 1117 όνομα
349 1033 537 1121 παρέλαβε,
567 1034 604 1104 τὸ
635 1032 672 1103 δὲ
698 1031 781 1102 αἰπύ
807 1033 976 1104 ἐπίθετον.
1020 1031 1058 1100 ἐκ
1084 1030 1121 1099 δὲ
1149 1036 1209 1100 τού
1235 1026 1382 1098 ἐναντίου

217 1138 302 1220 τινὲς
321 1139 364 1208 τὸ,
380 1139 440 1226 μὲν
462 1138 610 1210 ἐύκτιτον
629 1140 800 1224 ἐπίθετον,
820 1144 860 1212 ’τὸ
884 1141 921 1211 δὲ
939 1138 1021 1210 αἰπύ
1042 1135 1157 1228 κύριον
1178 1137 1254 1207 ἐπεί
1274 1136 1333 1204 καί
1353 1133 1384 1202 ἐν

218 1242 335 1327 ἄλλοις
356 1254 406 1333 (Λ
426 1256 498 1336 711)
521 1246 661 1339 ε’ίρηκεν·
695 1247 790 1332 ,,ἔστι
816 1250 854 1320 δέ
878 1276 928 1331 τις
949 1245 1119 1338 θρυόεσσα
1144 1241 1247 1327 πόλις
1269 1241 1384 1313 αἰπεῖα

219 1350 373 1444 κσλιόνηα
395 1359 446 1443 (cf.
461 1358 566 1426 Strab.
580 1359 658 1426 VIII
674 1365 756 1446 349),
779 1351 869 1426 δνῦν
891 1353 1018 1447 εἴρηκεν
1034 1350 1128 1438 αλπύ,
1152 1356 1209 1422 καί
1230 1347 1278 1433 ὥς
1297 1347 1384 1418 ἴδιον

218 1458 392 1549 γενόμενον
405 1461 584 1550 βούλονται
597 1471 796 1553 βαρυτονεῖν.
821 1467 1034 1550 Πτολεμαῖος
1049 1462 1087 1532 δέ
1101 1486 1184 1554 φησι
1198 1459 1259 1547 μὲν
1273 1455 1385 1546 κόριον

221 1562 306 1637 εἶναι
331 1571 368 1638 τὸ
396 1566 495 1653 αἰπύ,
526 1568 564 1641 σύ
593 1573 661 1663 μην
685 1571 965 1661 συγκατατίθεται
989 1577 1037 1660 τῷ
1063 1566 1150 1660 τόνῳ
1176 1563 1316 1661 φάσκων
1342 1562 1386 1644 ὡς

221 1675 274 1746 ὅτι
293 1679 420 1746 πολλαὶ
433 1675 552 1760 πόλεις
565 1675 782 1771 ὃμοφωνοῢσι
798 1683 1065 1770 προσηγορικσῒς,
1076 1677 1239 1759 Ἕλοςο00,
1263 1669 1386 1762 Αἰγια-

221 1781 288 1865 λός.
330 1785 390 1875 χρὴ
420 1785 541 1871 μέντοι
567 1786 738 1876 γινώσκειν
765 1786 818 1857 ὅτι
843 1783 1077 1877 όναλογωτέρα
1099 1781 1284 1873 ἀνάγνωσις
1302 1773 1384 1871 ἦνῆ

221 1897 354 1982 βαρεῖα·
374 1893 417 1961 τὰ
431 1894 493 1982 γὰρ
508 1892 588 1976 εἶςυ
608 1902 771 1986 μονογενῆ
792 1893 949 1987 οὐδέτερα
969 1894 1155 1983 βαρύνεται,
1179 1897 1266 1973 πῶυ,
1287 1887 1386 1976 μέθυ.

221 2006 321 2069 ταῦτα
343 1999 378 2069 ἐν
396 2007 436 2094 τῇ
455 2001 640 2094 προσῳδίᾳ,
664 2003 721 2072 καί
742 2003 777 2072 ἐν
796 2009 837 2097 τῇ
857 2000 1011 2073 καθόλου
1033 2003 1070 2071 δὲ
1091 1998 1218 2088 ὁμοίως
1237 1994 1387 2090 ἀμφίβο-

222 2109 281 2177 λον
308 2104 388 2178 αὐτὸ
414 2108 462 2199 ἐᾷ.
497 2109 533 2178 ἐν
558 2109 673 2196 μέντοι
693 2117 733 2205 τῇ
753 2120 785 2178 Ζ
802 2117 862 2202 τῆς
878 2108 1022 2194 Ἰλιάδος
1042 2116 1128 2198 (422)
1151 2101 1388 2194 διαλαμβάνων

222 2215 299 2305 περί
328 2221 387 2286 τοῦ
413 2213 455 2307 ἰῷ
479 2215 537 2301 „oi
562 2221 624 2305 μὲν
650 2214 772 2300 πάντες
795 2215 839 2308 ἰῷ
865 2218 939 2288 κίον
965 2216 1095 2311 '’lum“
1122 2221 1275 2310 φανερῶς
1299 2212 1389 2301 λέγει

224 2322 277 2392 ότι
307 2319 520 2415 Ἀρίσταρχος
554 2322 664 2410 όξύνει
696 2327 735 2398 τὸ
771 2323 873 2411 αἰπύ,
916 2327 986 2396 καί
1019 2323 1193 2414 ἐπείσθη
1230 2319 1333 2412 αύτῷ
1365 2314 1386 2408 ἡ

223 2429 371 2501 πλείων
387 2439 536 2524 χρῆσις.

306 2548 327 2608 Ι
348 2552 405 2614 150
428 2538 653 2633 Καρδαμύλην
671 2539 811 2634 Ἐνόπην
831 2570 867 2613 τε
888 2544 946 2613 καί
962 2541 1050 2634 Ἱρὴν
1071 2537 1277 2632 ποιήεσσαν·
1299 2533 1390 2626 Ἀρί-

225 2674 362 2734 σταρχος
389 2644 497 2732 ὀξύνει
523 2647 648 2737 ὁμοίως
677 2657 724 2741 τῷ
751 2652 938 2743 ἐπιθετικῷ
958 2648 1041 2742 ἱρήν.
1083 2646 1147 2719 εἶσὶ
1174 2648 1212 2718 δὲ
1233 2643 1272 2717 οἳ
1289 2640 1391 2735 βαρύ-

225 2779 336 2826 νουσιν
353 2753 400 2837 είς
414 2753 574 2849 ἰδιότητα,
589 2759 701 2850 ὥσπερ
711 2758 924 2851 ἐδηλώσαμεν
937 2759 995 2829 ἐπί
1007 2763 1068 2828 τοῦ
1083 2808 1090 2840 ,
1095 2755 1222 2846 ,Ῥίπην
1234 2781 1272 2824 τε
1283 2763 1391 2843 Στρα·

225 2862 296 2953 τίην
316 2869 373 2932 τε0
395 2871 438 2951 (Β
459 2876 547 2956 606),
576 2865 749 2960 ,,Ὀρθη’να
774 2873 829 2956 (ib.
851 2876 924 2955 739)
946 2925 953 2941 .
974 2925 981 2939 .
1003 2925 1010 2939 .
1030 2866 1088 2934 καί
1112 2861 1219 2934 πόλιν
1244 2861 1313 2953 (ὡς)
1339 2859 1389 2931 ἐπ’

226 2971 360 3043 ἐκείνων
374 2973 530 3061 ἐλέγομέν
550 3002 624 3045 τινα
646 2974 815 3063 ὃμοτόνως
833 2975 956 3062 μένειν,
981 2974 1085 3056 σύτως
1105 2973 1169 3042 καί
1181 2972 1239 3042 ἐπί
1258 2967 1391 3043 τούτων.

226 3085 363 3171 Reliqua
387 3092 477 3171 parte
498 3087 594 3154 huius
616 3089 730 3155 scholii
751 3091 816 3157 iam
837 3111 934 3175 supra
953 3089 1004 3154 usi
1024 3108 1134 3154 sumus
1157 3088 1190 3170 (ξ
1214 3088 1264 3169 12)
1273 3085 1332 3150 ²⁰⁷.

308 3195 361 3260 Ad
382 3198 402 3257 Ι
421 3201 481 3263 292
504 3190 607 3274 ούτως
624 3191 710 3283 Ἴρην
732 3189 893 3277 ὀξυτόνως
913 3190 959 3273 τίς
982 3191 1017 3260 ἐν
1036 3198 1077 3284 τῇ
1095 3187 1258 3260 καθόλου.

309 3303 348 3367 In
374 3302 425 3368 his
446 3303 543 3387 paulo
565 3305 657 3369 aliter
678 3304 880 3370 diiudicanda
901 3304 1057 3370 adiecliva
1078 3326 1175 3388 quam
1195 3303 1231 3369 in
1251 3302 1394 3368 virorum

228 3409 421 3475 nominibus.
468 3409 574 3477 Multa
600 3411 685 3476 enim
714 3411 765 3476 vel
786 3411 827 3476 ab
846 3412 940 3478 initio
962 3411 1012 3477 vel
1033 3411 1223 3497 plerumque
1245 3409 1393 3496 apposito

146 3528 216 3598 (304)
229 3516 429 3584 substantivo
459 3517 557 3595 dicte,
590 3521 660 3584 tum
693 3518 762 3585 sine
791 3520 991 3586 substantivo
1021 3542 1078 3604 per
1104 3518 1245 3604 ellipsin,
1277 3518 1395 3603 partim

229 3626 355 3689 montes
371 3628 403 3689 ei
416 3625 514 3706 fluvii,
528 3626 645 3710 partim
659 3626 792 3707 insulae,
806 3628 891 3712 pegi,
903 3627 1062 3713 regiones,
1082 3627 1209 3713 oppida.
1245 3620 1396 3690 ἐνταῦθα

223 3726 266 3823 ,δὲ
287 3729 344 3795 καί
360 3729 398 3797 τὸ
420 3728 536 3797 καινδν
554 3728 675 3815 χωρίον
695 3731 977 3818 προσαγορευθέν,
1000 3731 1120 3822 ἐρυμνὴ
1144 3731 1201 3798 καί
1223 3725 1396 3814 ἀπότομος

164 3849 213 3900 293
231 3833 335 3922 πέτρα
356 3838 461 3907 Sirab.
481 3839 542 3907 XII
564 3848 633 3909 556.
676 3839 796 3927 πικρὸν
816 3837 905 3928 ύδωρ
925 3843 998 3910 fons
1019 3841 1095 3909 XIV
1117 3848 1185 3910 671.
1225 3832 1243 3906 δ
1267 3835 1397 3929 ψυχρὸς

297 4107 335 4147 000
351 4105 384 4159 Id
396 4107 465 4162 utile
478 4106 532 4162 erit
543 4123 663 4172 monere,
683 4109 759 4176 quod
778 4125 862 4180 supra
879 4109 914 4164 de
932 4109 1122 4179 promovendo
1139 4110 1257 4164 accentu
1276 4106 1396 4162 diximus

230 4188 357 4245 universe
375 4191 460 4245 etiam
477 4190 507 4245 in
524 4189 567 4244 his
586 4191 685 4245 valere.

299 4276 337 4316 2⁰⁶
354 4275 414 4329 Hoc
431 4292 515 4344 quam
532 4277 598 4345 apte
616 4273 715 4331 afferat
732 4294 807 4331 nune
824 4276 948 4333 iudicare
965 4295 1117 4348 possumus.

297 4362 335 4403 007
352 4359 395 4414 De
411 4359 510 4429 spiritu
526 4358 557 4413 hi
574 4376 631 4414 non
648 4359 779 4416 videntur
797 4361 934 4418 dubitare.
983 4374 995 4411 .‘
