3008 4980
222 282 280 344 106
301 275 337 330 11.
365 274 407 329 De
425 274 601 330 Aristarchee
620 275 820 332 vocabulorum
837 275 1047 332 Homerieorum
1062 275 1308 346 interpretatione.

219 435 391 528 ἱππηλάτα
411 446 449 509 (D.
471 446 510 505 H
523 448 605 530 196),
626 439 680 509 ότι
697 441 806 531 φυγὰς
826 437 896 508 ἀπὸ
916 446 975 531 τῆς
992 437 1154 529 πατρίδος
1171 439 1261 529 πρὸς
1273 438 1393 529 Πηλέα

219 539 335 637 ἦλθεν.
365 544 437 615 όόὲ
451 546 599 635 ’Όμηρος
620 543 681 617 οὐκ
699 545 808 616 έοικεν
829 547 886 617 έπὶ
906 545 1023 618 τοότου
1043 545 1186 617 τάσσειν.
1222 544 1316 616 ἔστιν
1338 539 1394 615 οὖν

220 649 239 720 ό
261 651 404 744 ἱππότης
418 653 560 735 ἱππικὸς
581 657 665 723 κατὰ
687 654 846 741 πόλεμον,
870 654 916 737 αἱς
930 655 1065 741 Νέστωρ
1086 656 1143 724 καὶ
1162 652 1290 735 Οἰνεύς.
1322 657 1394 723 Erit

220 764 355 831 foitasse
378 767 433 850 qui
454 767 507 832 hio
527 768 613 851 apud
627 768 840 853 Apollonium
855 768 1054 833 mentionem
1067 767 1166 834 fuisse
1180 770 1278 852 putet
1291 766 1393 831 mirae

219 871 366 938 lectionis
393 876 594 959 quorundam
619 876 655 941 in
677 876 751 941 loeo
773 875 828 940 illo
851 878 889 938 Π
909 882 967 944 196
987 868 1139 959 γερήνιος
1157 875 1191 957 (i.
1215 896 1243 939 e.
1267 871 1393 939 scilieet

219 975 333 1065 γέρων)
355 975 485 1046 ἱππότα
510 981 635 1061 Φοῖνιξ.

683 1310 920 1397 «λευγαλέας

220 1486 281 1527 μου
294 1463 685 1551 λυνκιὶίιέίγπιγλεοιιουευι
698 1465 797 1548 tabet,
819 1490 915 1552 quam
930 1465 1059 1551 quidem
1073 1465 1259 1529 νεοεκτιὶννοε
1276 1477 1390 1548 poetae

254 1571 335 1635 male
355 1572 519 1637 ι’νιτοίλυοιιὶ
539 1573 728 1657 qmbusdam
748 1574 824 1637 λνοίε
843 1574 1019 1638 Homericis
1040 1573 1073 1636 αι’
1091 1573 1274 1647 metuerem,
1296 1569 1359 1635 eed

711 1682 892 1764 perniciosi.

301 1847 323 1908 I
345 1852 403 1913 119
424 1841 521 1932 φρεσί
542 1840 736 1932 λευγαλέῃσι
756 1816 924 1932 πιθήσαςε
951 1840 984 1932 (ἡ
1006 1842 1121 1928 διπλῆ)
1144 1838 1197 1909 ὅτι
1217 1836 1250 1908 οἱ
1272 1833 1392 1908 νεώτε-

216 1974 271 2035 ροι
291 1948 469 2035 λευγαλέον
489 1949 527 2020 τὸ
549 1946 681 2035 δίυγρον
702 1949 759 2018 ε’πί
779 1956 839 2017 τοῦ
851 1946 1031 2032 Ἀχιλλέως
1052 1943 1312 2038 (,,1οτλκεεοᾶπό
1328 1953 1391 2015 τοῦ

217 2055 274 2124 ἐπί
286 2063 346 2124 τοῦ
355 2053 555 2139 Ἀχιλλέωςα
567 2060 675 2126 Lehm.
688 2085 738 2146 ap.
748 2059 1016 2144 Friedleender.>·
1030 2061 1113 2136 ,,νῦν
1125 2055 1163 2123 δέ
1168 2081 1211 2142 με
1220 2054 1391 2145 λευγαλέῳ

218 2162 355 2252 θανάτῳ
382 2167 517 2252 εἵμαρτο
542 2162 667 2232 ἁλῶναι
689 2161 833 2252 ἐρχθέντ’
858 2165 893 2232 έν
913 2159 1048 2252 μεγάλῳ
1071 2169 1236 2249 ποταμῷ(ι
1257 2169 1307 2248 (e
1327 2173 1390 2235 281

218 2276 267 2362 <in
289 2276 357 2340 coti
379 2276 460 2340 nihil
481 2280 531 2342 est
549 2277 611 2342 nisi
637 2279 694 2341 νῦν
717 2272 755 2341 δέ
769 2299 812 2358 με
834 2269 1012 2359 λευγαλέον
1033 2267 1224 2358 θάνατον>)·
1259 2267 1330 2338 έστι
1353 2271 1391 2338 δέ

218 2379 395 2465 λευγαλέον
420 2380 459 2447 τό
491 2377 667 2465 ὀλέθριον,
698 2381 792 2468 παρὰ
818 2380 876 2448 τὸν
897 2375 1020 2465 λοιγόν.
1065 2385 1095 2444 Υ
1116 2388 1173 2450 109
1195 2376 1391 2465 λευγαλέοις

217 2486 369 2555 ἐπέεσσιν
384 2483 618 2573 ἀποτρεπέτωε
640 2487 692 2557 ότι
707 2487 901 2576 λευγαλέοις
914 2482 951 2554 οὐ
976 2484 1131 2575 διόγροις,
1155 2484 1200 2566 ὡς
1221 2482 1253 2553 οἱ
1275 2484 1391 2552 νεώτε-

217 2622 286 2681 ροι,
319 2591 393 2662 ἀλλ’
425 2591 612 2682 ὀλεθρίοις,
637 2597 731 2684 παρὰ
749 2597 807 2664 τὸν
833 2592 955 2682 λοιγόν.
1000 2601 1032 2660 e
1053 2603 1113 2666 281
1140 2589 1172 2684 (ἦ
1196 2593 1313 2684 διπλῆ)
1336 2591 1390 2661 ὅτι

215 2702 252 2772 ἐκ
274 2700 391 2772 τούτου
414 2702 446 2771 οἱ
467 2700 622 2792 νεώτεροι
644 2702 831 2786 ἐξεδέξαντο
852 2702 1029 2789 λευγαλέον
1053 2702 1111 2770 τὸν
1138 2697 1284 2788 δίυγρον·
1316 2696 1390 2768 έστι

217 2811 253 2880 δέ
284 2812 370 2880 κατὰ
397 2810 572 2881 κοινωνίαν
598 2811 768 2896 στοιχείων
794 2809 973 2898 λευγαλέον
998 2805 1172 2898 ὀλέθριον,
1209 2807 1305 2895 παρὰ
1329 2807 1391 2877 τὸν

216 2919 338 3007 λοιγόν.
382 2920 440 2987 καί
471 2921 505 2987 έν
531 2915 707 3009 Ὀδυσσείᾳ
737 2925 772 3005 (β
802 2927 854 3006 61)
886 2917 1084 3006 ,,λευγαλέοι
1111 2912 1143 2984 τ’
1178 2913 1390 3000 ἐσόμεσθαίί.

216 3030 323 3097 Sehol.
339 3031 371 3096 V
391 3031 421 3098 h.
442 3030 464 3098 l.
486 3024 673 3114 λευγαλέῳε
690 3027 842 3115 χαλεπῷ,
867 3022 905 3095 οὐ
929 3023 1068 3114 διόγρῳ,
1089 3019 1135 3105 οἱς
1152 3019 1321 3105 Ἡσίοδος
1356 3020 1393 3091 τί

135 3159 205 3230 (114)
220 3136 278 3221 γὰρ
304 3134 361 3202 ἒπὶ
382 3139 441 3201 τοῦ
470 3132 673 3220 ,,λευγαλέοι
699 3128 731 3199 τ’
760 3131 967 3219 ἐσόμεσθαίῑ.
1010 3136 1072 3216 Qui
1094 3135 1274 3201 Hesiodum
1294 3135 1391 3201 finxit

217 3246 361 3313 fortasse.
396 3246 509 3311 Potius
531 3246 587 3330 qui
609 3245 674 3310 sint
694 3243 742 3308 illi
764 3239 917 3327 νεώτεροι
930 3244 1051 3310 Photio
1073 3244 1247 3310 oredimus:
1268 3241 1391 3327 λευγα-

218 3347 296 3416 λέα.·
316 3346 507 3436 διάβροχος·
527 3347 612 3418 οὕτω
628 3349 815 3439 Σοφοκλῆς.
843 3350 896 3416 Et.
918 3350 962 3418 M.
979 3358 1049 3430 561,
1072 3358 1112 3419 27
1134 3345 1329 3434 λευγαλέονε
1347 3347 1389 3416 τὸ

217 3452 329 3545 ὑγρόν·
349 3458 525 3547 Σοφοκλῆς
544 3454 655 3545 ,,μόρῳ
677 3450 796 3543 (μόρῳ)
819 3454 1018 3542 λευγαλέῳ.“

632 3783 767 3853 Γόαλα
788 3781 972 3875 θώρηκος

218 3969 280 4010 που
305 3958 421 4009 caveam
447 3940 607 4028 quandam
628 3942 743 4006 ίονίοοα
759 3954 887 4026 portem
906 3941 1076 4028 ειηκίῄεατ,
1104 3940 1163 4005 eod
1180 3940 1253 4025 ι’γεα
1274 3940 1392 4005 lentae

727 4073 875 4114 οουυιοια.

230 4186 233 4191 ⁴
301 4215 355 4282 BL
376 4217 416 4283 ed
436 4217 465 4279 E
484 4222 523 4285 99
552 4207 674 4298 γύαλον
697 4210 733 4278 δὲ
754 4212 791 4281 τὸ
814 4211 891 4298 περὶ
910 4212 969 4280 τὸν
990 4203 1081 4294 ὦμον
1101 4212 1215 4279 κοῖλον
1235 4214 1295 4277 τοῦ
1315 4205 1390 4276 θαί-

219 4345 321 4410 ρακος
340 4318 449 4408 μέρος.
492 4321 617 4389 Ibidem
638 4322 840 4390 Aristonicus
862 4319 894 4410 (ἡ
918 4318 1031 4408 διπλῆ)
1059 4314 1170 4386 ὅτιτὸ
1193 4314 1272 4386 ὅλον
1292 4313 1390 4397 κότος
