3008 4980
597 335 620 388 2.
644 330 842 400 Mythclcgica.
1130 367 1135 385 r
1243 334 1301 400 175

136 496 230 575 Quod
255 497 375 583 legitur
404 501 436 559 T
456 505 512 574 45,
550 492 581 583 (ἡ
612 497 729 584 διπλῆ)
760 493 813 564 ὅτι
838 500 898 584 τῆς
923 490 991 561 rimi
1014 488 1122 560 ’‘Ii-cor
1146 498 1304 583 στρατιᾶς
1427 514 1430 521 ’

134 598 248 690 ἡγεῖτο
266 597 465 684 δἈχιίλεδς
478 601 536 668 καί
556 602 623 687 τιρδ
644 610 702 673 τοῦ
722 608 873 693 μηνῖσαι·
895 601 951 671 διὸ
970 607 1027 668 νῦν
1047 598 1151 668 πάλιν
1172 597 1303 670 ἀποκα-

135 705 296 776 θίσταται
315 706 336 797 ἡ
358 703 530 798 ἡγεμονία,
552 736 611 779 nac
635 715 712 781 satis
733 713 883 805 intelligo
905 736 964 778 nec
986 735 1122 798 quorsus
1143 713 1303 797 pertineat

136 820 215 885 scio:
242 820 299 885 sed
322 819 449 884 videtur
468 820 628 903 pertinere
656 823 696 886 ad
716 825 755 885 A
777 829 830 899 54,
859 822 916 886 ubi
946 821 1151 906 physicorum
1179 821 1303 885 somnia

137 926 336 1011 explodenda
358 930 457 992 erant.
498 927 543 993 cf.
566 927 630 993 sch.
652 927 705 995 BL
732 930 773 993 ad
793 931 832 993 A
853 936 908 1008 54,
933 929 990 993 ubi
1016 929 1103 1012 qnod
1125 926 1203 992 olim
1224 927 1303 992 mihi

138 1035 307 1100 offensioni
334 1039 402 1101 arat
424 1036 484 1121 τῆς
508 1029 681 1120 ὑπαίθρου
707 1039 862 1120 στρατιᾶς
888 1038 981 1101 dcctc
1001 1036 1174 1101 vindicavit
1194 1034 1304 1099 Fried-

137 1142 306 1208 laenderus
333 1145 373 1208 ad
394 1144 612 1209 Aristonicum
638 1147 669 1205 Τ
687 1151 736 1210 45.
760 1182 801 1191 -
822 1143 929 1228 (Quod
955 1144 1075 1229 legitur
1102 1147 1139 1206 X
1160 1148 1218 1212 188
1238 1165 1324 1207 non

137 1255 218 1335 puto
240 1251 418 1316 Aristarchi
440 1254 530 1333 csse.)

605 1375 836 1385 ——---——-—-—-

592 1503 746 1569 Actoris
767 1502 852 1567 filii.
1317 1499 1389 1568 (179)

221 1656 260 1714 A
285 1660 345 1721 750
376 1647 435 1717 καί
462 1647 499 1717 υό
531 1676 585 1717 κεν
608 1646 807 1736 Ἀκτορίωνε
836 1645 988 1717 Μολίονε
1017 1645 1115 1716 παῖδ’
1149 1641 1307 1731 ἆλόιταξα

141 1761 212 1824 cet:
239 1756 271 1844 (ἡ
296 1757 414 1846 διπλῆ)
437 1754 490 1825 ὅτι
511 1757 666 1826 ἐντεῦθεν
683 1755 844 1836 Ἡσίοδος
855 1752 1020 1843 ’Ἀκτορυς
1040 1751 1110 1824 κατ’
1134 1754 1307 1847 ἐπίκλησιν

140 1863 199 1930 καὶ
228 1861 403 1954 Μολιόνης
433 1860 554 1945 αὐτοὺς
582 1861 867 1953 μεμενεαλόγηκεν,
902 1862 989 1953 μόνῳ
1022 1864 1060 1931 δὲ
1086 1867 1307 1944 Ποσειδῶνος.

142 1966 305 2039 οὐδέποτε
331 1970 368 2039 δὲ
382 1970 534 2062 ’Όμηρος
563 1967 633 2040 ἀπὸ
662 1973 786 2063 μητρός
812 1970 1012 2061 σχηματίζει.
1052 1983 1112 2045 709
1133 1968 1165 2063 (ἡ
1190 1974 1308 2061 διπλῇ)

143 2075 195 2145 δτι
222 2073 291 2148 ἀπὸ
315 2079 438 2169 μητρός
453 2078 603 2171 Ὅμηρος
625 2076 663 2150 οὗ
686 2078 888 2170 σχηματίζει·
914 2074 1036 2169 μήποτ’
1063 2074 1120 2148 οὖν
1141 2077 1212 2149 ἀπὸ
1234 2085 1309 2171 (τοῦ

143 2191 213 2255 add.
239 2190 383 2276 Bekker>
408 2183 528 2278 ταύτης
551 2188 680 2276 πατρὸς
704 2185 826 2256 Μόλου
856 2184 961 2269 οὕτως
994 2184 1115 2268 αότοδς
1141 2180 1243 2260 εἶπεν.
1270 2230 1311 2242 -

148 2299 180 2359 Ψ
198 2303 257 2365 038
276 2292 489 2382 Ἀρίσταρχος
510 2295 547 2364 δὲ
568 2293 728 2381 διδύμους
752 2290 868 2364 σἰκοόει
890 2292 949 2379 οὐχ
970 2293 1073 2376 οὕτως
1094 2293 1140 2376 ὡς
1158 2294 1256 2387 ἡμεῖς
1276 2297 1310 2364 δν

143 2408 183 2494 τῇ
203 2401 365 2495 συνηθείᾳ
387 2411 536 2490 νοοῦμεν,
560 2395 629 2475 οἷοι
649 2396 736 2494 ἦσαν
756 2403 814 2471 καί
835 2400 867 2471 οἱ
887 2400 1102 2491 Διόσκουροι,
1126 2400 1214 2474 ἀλλὰ
1234 2405 1312 2484 τοὺς

145 2504 289 2599 διφυεῖς,
320 2511 380 2580 δόσ
400 2508 532 2595 ἔμοντας
552 2510 704 2597 σώματα,
724 2507 874 2600 Ἡσιόδφ
895 2507 1036 2598 μάρτυρι
1055 2509 1231 2599 χρώμενος,
1255 2514 1312 2582 καὶ

144 2619 222 2698 τοὺς
243 2615 500 2711 συμπεφυκότας
522 2615 696 2710 ἀλλήλοις·
716 2617 819 2699 οότως
837 2619 899 2706 γὰρ
922 2619 1036 2689 καὶτὸ
1060 2618 1236 2708 λεγόμενον
1258 2617 1309 2688 ἐτι)

147 2722 254 2793 αὐτῶν
283 2724 529 2820 σαφηνίζεσθαι
557 2723 690 2815 δίριστα·
720 2722 923 2808 ἀναστάντος
949 2727 1010 2814 γὰρ
1039 2729 1078 2818 δὴ
1102 2733 1163 2797 τοῦ
1185 2730 1312 2797 Νέστο-

146 2838 266 2918 eccm.
301 2842 340 2902 A
354 2846 413 2907 751
430 2830 463 2924 (ἡ
484 2836 602 2925 διπλῆ)
622 2835 709 2923 πρὸς
728 2836 769 2902 τὰ
791 2834 948 2923 περὶτῆς
969 2833 1099 2925 φύσεως
1119 2833 1311 2905 taetrum-
1330 2848 1377 2898 177

146 2967 205 3026 ρος
224 2941 371 3023 παίδων,
395 2939 537 3030 πότερον
556 2941 618 3028 μία
641 2939 839 3032 ἀμφοτέραν
862 2942 1012 3033 συμφυίά
1033 2938 1057 3032 ἢ
1077 2940 1231 3032 ἑκάτερος
1251 2949 1313 3031 (in-

148 3053 234 3137 spice
256 3053 316 3118 AD
339 3055 380 3118 ad
401 3036 429 3121 'v.
452 3057 524 3139 709)
547 3046 655 3119 αότῶν
676 3051 800 3142 διφυὴς
820 3043 870 3140 ἦν.

650 3325 809 3390 Aeneae.

232 3471 341 3544 r298'
368 3468 401 3561 (ἡ
430 3474 548 3560 διπλῆ)
579 3469 632 3542 ότι
660 3468 804 3551 Αἰνείας
833 3466 871 3538 οὗ
899 3468 1084 3563 συνεγρυίφη
1117 3476 1179 3558 (vel
1206 3479 1314 3562 potius

150 3579 465 3672 cavaneypcipp¹⁰⁸⁸,
491 3564 836 3666 v.F1·iadlaenderum)
862 3584 909 3668 τῷ
930 3584 996 3645 τῶν
1022 3583 1222 3666 Πριαμιδῶν
1248 3609 1315 3651 νιο-

149 3686 257 3778 λέμῳ·
279 3690 334 3759 διὸ
349 3689 406 3758 καί
420 3687 438 3758 ὃ
454 3686 609 3777 Πρίαμος
622 3683 814 3756 arteman
839 3680 947 3768 αὐτόν,
973 3682 1031 3771 οὐχ
1049 3682 1094 3767 ὥς
1108 3683 1194 3757 ἔνιοί
1214 3713 1317 3780 φασιν

151 3794 204 3864 ότι
226 3794 403 3866 ἐπετίθετο
424 3802 464 3890 τῇ
485 3794 650 3888 βασιλείᾳ.

219 3985 256 4026 ¹⁰⁸
288 3986 348 4040 Hoc
368 3983 465 4039 ecdem
482 3982 565 4038 modo
581 3980 685 4052 accipit
696 3981 845 4037 Orenzerns
865 3997 908 4051 ep.
926 3980 962 4035 ad
973 3978 1124 4041 Hermann.
1141 4000 1170 4053 p.
1183 3988 1231 4039 109
1249 3984 1318 4039 haec

152 4070 269 4126 addens:
294 4069 380 4139 „Daca
399 4085 481 4138 cogar
498 4067 548 4122 der
563 4067 717 4122 nflchtarna
737 4066 913 4121 Aristarchus
930 4067 961 4120 in
978 4067 1042 4121 dem
1060 4066 1260 4123 Homerischen
1277 4069 1319 4122 δι’·

151 4156 325 4224 teuerstatt
347 4154 395 4209 dea
416 4152 558 4222 aonetigen
576 4144 733 4220 διδυμάονε
754 4151 838 4207 einen
853 4150 1019 4221 Dcppalleib
1041 4167 1096 4205 von
1112 4151 1181 4205 zwei
1200 4151 1318 4222 Ktpfen‚

152 4239 213 4294 rior
230 4236 334 4293 Armen
350 4256 378 4294 u.
396 4257 415 4294 ι.
433 4256 467 4296 w.
486 4236 614 4302 erkannt‚
633 4276 640 4291 .
659 4277 666 4290 .
685 4276 692 4291 .
709 4235 803 4291 wollte
821 4235 915 4291 nichts
932 4235 1139 4304 verschlagen.“
1174 4235 1259 4291 Recte
1277 4236 1320 4289 vir

153 4323 302 4395 perspicax
318 4321 509 4377 Aristarchum
526 4321 597 4375 dixit
612 4351 647 4363 -
663 4318 794 4375 sobrium.

220 4410 279 4452 108·
296 4406 355 4478 <Sic
373 4407 459 4463 etiarn
477 4406 536 4464 cod.
553 4406 579 4459 A
595 4408 667 4460 tecta
685 4403 851 4474 Dindcffio.>
