3008 4980
434 351 437 355 .
463 312 486 362 3.
511 309 640 376 δεῖπνον,
657 300 769 378 δόρπον
785 309 827 379 (et
844 301 983 381 ἄριστον).

216 469 324 559 ἡμεῖς,
336 469 373 537 dd
393 472 566 556 κλαυθμὸν
587 471 648 556 μὲν
669 469 820 557 ἐάσομεν,
846 463 884 554 ὃς
904 473 982 560 πρὶν
1003 469 1139 562 ε’τόχδη·

220 577 347 667 δόρπου
372 573 405 643 δ’
429 577 558 661 ἐξαῦτις
577 577 783 669 μνησώμεθα
806 621 845 632 -

135 692 155 756 i.
179 715 206 758 e.
230 691 354 755 denuo
381 691 468 772 (nam
493 690 556 755 hoc
581 714 707 776 semper
732 692 894 778 significat
920 687 1050 770 ἐξαῦτις
1078 691 1163 775 apud
1183 690 1306 755 Home-

135 802 219 881 rum)
247 820 365 862 coenae
390 819 547 864 memores
576 800 684 868 simus.
726 799 816 865 Haec
844 799 951 864 omnia
978 799 1099 883 optime
1120 799 1307 884 procedunt,

136 907 198 971 nisi
216 929 243 970 v.
265 912 303 973 61
326 904 491 971 Menelaus
513 906 658 992 hospites
680 908 837 972 intrantes
857 906 1026 989 alloquens
1048 907 1093 972 sie
1116 906 1246 987 diceret:

218 1007 309 1078 σίτου
336 1005 373 1076 δ’
398 1008 572 1079 ἅπτεσθον
593 1011 649 1079 καί
668 1009 839 1100 χαίρετον]
860 1006 963 1094 αὐτὰρ
985 1006 1101 1078 ἔπειτα

220 1114 380 1185 δείπνου
402 1116 606 1202 πασσαμένω
629 1114 823 1208 εἰρησόμεθ’
849 1117 969 1198 οἵτινές
990 1117 1093 1186 ἐστον.

136 1228 272 1295 Vossius
304 1228 401 1295 solvit
432 1230 494 1296 hoc
519 1231 629 1295 modo:
662 1229 727 1310 ‚dm
758 1252 881 1316 ganzen
907 1230 1031 1295 Homer
1057 1230 1195 1316 beginnt
1216 1230 1307 1313 jedes

137 1335 273 1400 δεῖπνον
294 1360 347 1401 am
367 1337 566 1422 Vormittag‚
593 1337 741 1403 wiewohl
763 1360 796 1403 es
819 1338 866 1402 als
887 1337 1052 1402 festlicher
1073 1337 1151 1401 oder
1171 1337 1308 1420 fippiger

137 1444 292 1510 Schmaus
326 1445 375 1509 bis
410 1468 483 1509 zum
509 1446 625 1511 Abend
656 1445 799 1530 gedehnt
830 1446 957 1511 werden
989 1445 1089 1508 kann:
1125 1445 1223 1509 daher
1253 1445 1308 1506 der

137 1551 293 1620 Schmaus
322 1552 377 1618 des
398 1552 564 1618 Menelaos
592 1553 650 1618 od.
671 1551 718 1618 IV
740 1558 779 1619 61
803 1550 938 1616 δεῖπνον
963 1553 1029 1616 und
1050 1552 1125 1618 bald
1147 1551 1261 1617 darauf
1278 1574 1306 1617 v.

136 1666 197 1728 213
220 1654 347 1744 δόρπον
372 1665 517 1746 genennt
537 1661 628 1740 wird‚
657 1661 724 1724 und
749 1658 808 1724 XX
828 1663 888 1727 390
912 1659 985 1725 dem
1006 1658 1140 1723 δεῖπνον
1162 1658 1230 1724 sich
1253 1659 1308 1722 das

138 1762 266 1853 δόρπον
286 1767 503 1834 ansehliesst“.
534 1766 652 1833 Nescio
675 1767 752 1851 qnid
774 1767 842 1835 viro
863 1767 1087 1832 immortaliter
1109 1768 1147 1831 de
1165 1765 1308 1830 Homero

139 1874 254 1941 merito
276 1875 338 1940 hoc
360 1874 432 1940 loeo
455 1875 612 1942 acciderit.
647 1872 733 1940 Nam
753 1873 811 1940 XX
834 1880 893 1942 390
914 1875 1000 1940 inter
1022 1873 1156 1939 δεῖπνον
1179 1877 1213 1939 et
1233 1867 1306 1953 δόρ-
1320 1878 1391 1949 (135)

138 2006 204 2047 πον
232 1987 301 2048 tota
328 1986 376 2047 est
400 1975 498 2062 τόξου
525 1979 632 2060 θέσις.
681 1982 735 2047 Fit
765 1982 827 2069 hoc
856 1982 927 2047 loco
955 1983 1043 2066 quod
1066 1983 1187 2067 ubique
1211 1982 1250 2046 fit
1275 1981 1309 2045 in

140 2090 283 2175 Odyssea
303 2073 360 2156 ubi
382 2090 531 2175 epulandi
553 2090 656 2177 gratia
677 2090 711 2154 in
734 2091 800 2154 otio
824 2089 1034 2166 conveniunt;
1063 2089 1213 2170 δεῖπνον,
1236 2089 1309 2154 dein

139 2203 267 2278 cantus,
295 2197 437 2277 saltatio,
465 2198 528 2263 alia
549 2198 683 2278 ludicra,
709 2201 779 2262 tum
807 2193 947 2279 δόρπον,
975 2198 1049 2263 dein
1076 2219 1309 2282 nonnunquam

140 2306 257 2370 iterum
283 2304 368 2386 ludi,
395 2307 596 2391 usquedum
622 2305 774 2371 convivae
803 2307 934 2371 domum
964 2305 1145 2385 discedunt3
1176 2327 1254 2391 ergo
1283 2305 1310 2369 si

140 2417 227 2478 recte
254 2412 418 2498 intelligas
442 2437 602 2499 nusquam
628 2436 695 2480 non
718 2413 853 2477 δεῖπνον
874 2417 907 2478 et
929 2405 1056 2497 δόρπον
1078 2413 1259 2479 continuari
1275 2412 1310 2476 in

141 2520 396 2605 adparatioribus
417 2521 518 2606 epulis
541 2522 602 2586 dici
623 2524 739 2606 potest.
773 2520 818 2586 Ht
838 2521 924 2587 idem
945 2523 1151 2588 statuendum
1174 2523 1212 2586 de
1232 2542 1310 2605 epu·

139 2628 181 2694 lis
202 2627 349 2695 Menelai.
384 2628 473 2714 Ergo
496 2629 523 2694 si
544 2628 625 2694 illud
648 2623 785 2694 δείπνου
806 2626 1010 2711 πασσαμένω
1033 2630 1117 2694 tueri
1137 2628 1225 2706 velis,
1246 2627 1376 2692 hocne

141 2736 276 2801 fortasse
304 2736 407 2801 dicere
432 2735 556 2818 licebit,
581 2735 765 2802 Menelaum
792 2758 865 2802 cum
892 2738 1015 2803 nesciat
1040 2743 1148 2803 utrum
1175 2757 1310 2821 peregre

142 2843 347 2909 advenientes
374 2844 518 2928 hospites
544 2844 607 2909 iam
630 2844 693 2909 hcc
720 2845 771 2909 die
793 2846 998 2911 coenaverint
1024 2867 1132 2910 annon
1152 2843 1309 2911 vocabulo

141 2951 239 3035 paulo
267 2951 464 3037 generaliore
489 2953 538 3016 uti
566 2952 713 3031 δεῖπνον;
741 2956 850 3037 potest
875 2955 961 3018 enim
983 2954 1052 3019 fieri
1073 2957 1110 3019 ut
1132 2954 1218 3037 quod
1240 2951 1311 3015 aliis

141 3059 207 3124 iam
234 3053 359 3141 δόρπον
382 3059 416 3123 id
441 3058 519 3142 ipsis
539 3059 715 3144 ¹impransis
743 3059 877 3124 δεῖπνον
903 3061 985 3129 siti.
1008 3061 1158 3146 aprima
1183 3059 1310 3134 lautior,

143 3189 208 3250 qua
232 3167 294 3230 hoc
316 3166 551 3247 disfrenatur,
576 3189 684 3233 coena.
726 3168 881 3233 Attamen
907 3173 1030 3253 quanto
1056 3169 1170 3233 melius
1193 3171 1242 3231 est
1262 3167 1310 3230 di-

143 3295 215 3339 cere
243 3266 379 3338 δείπνου
405 3274 467 3340 hoc
495 3275 568 3338 loco
596 3297 615 3338 a
639 3277 736 3359 poeta
757 3297 823 3340 non
844 3275 1025 3359 profectum
1045 3276 1102 3340 sed
1122 3274 1312 3339 translatum

144 3404 213 3446 csse
235 3403 275 3447 ex
295 3403 316 3444 α
340 3387 398 3448 124
420 3375 556 3446 δείπνου
577 3377 792 3465 πασσάμενος
811 3375 985 3468 μυθήσεαι
1008 3373 1101 3445 ὅττεό
1122 3401 1160 3445 σε
1178 3375 1287 3466 pariit

225 3489 432 3554 Recentiores
455 3483 581 3574 δόρπον
601 3490 721 3575 partim
740 3512 800 3575 pro
823 3490 894 3555 cibo
917 3494 1083 3574 usurpant,
1104 3494 1142 3555 ut
1161 3489 1312 3575 Apollon.

144 3595 271 3665 111301
300 3590 415 3681 δόρπῳ
441 3619 476 3660 τε
504 3593 626 3684 ποτῆτί
652 3620 687 3662 τε
713 3594 825 3680 δυμδν
852 3591 1005 3681 όίρεσσαν,
1030 3598 1127 3682 Orph.
1151 3598 1229 3682 Arg.
1251 3604 1312 3666 408

146 3695 217 3768 ἀλλ’
241 3699 294 3768 ὅτε
316 3699 357 3788 δὴ
382 3696 525 3787 δόρποιο
547 3707 653 3771 ποτοῦ
673 3697 709 3770 δ’
733 3700 809 3783 dtu
834 3699 954 3771 ἔλπετο
976 3694 1096 3786 θυμός
1121 3707 1207 3790 quod
1228 3705 1314 3789 apud

144 3811 323 3877 Homerum
349 3815 399 3877 est
425 3805 532 3877 σίτοιο
557 3804 620 3896 ἠδὲ
638 3815 793 3899 ποτῆτος.
834 3814 968 3898 Saepius
992 3813 1037 3879 sic
1058 3835 1135 3878 usus
1156 3812 1312 3878 vocabulo

215 4049 240 4090 ⁷⁵
257 4045 369 4101 Summa
385 4048 486 4116 poetae
498 4063 542 4101 ars
553 4045 677 4102 cernitur
694 4064 758 4101 cum
769 4066 844 4102 nunc
857 4065 912 4117 quo
926 4047 1009 4102 modo
1022 4049 1195 4117 apparentur
1212 4062 1314 4100 coenae

148 4132 258 4202 copiose
276 4131 412 4202 depingit,
430 4134 463 4187 ut
480 4130 550 4185 nihil
568 4130 786 4202 praetermittat,
807 4149 882 4186 nunc
899 4131 1072 4202 gravioribus
1090 4129 1314 4185 rebusinstanti-

147 4216 200 4270 bus
221 4215 339 4272 strictim
359 4219 468 4286 tangat.
503 4215 646 4271 Summum
672 4219 786 4287 poetam
812 4233 932 4286 agnosco
955 4215 985 4270 in
1007 4215 1061 4271 fine
1084 4216 1219 4285 Odysseae
1241 4233 1263 4283 φ
1287 4215 1315 4266 et

148 4299 230 4354 initio
247 4319 273 4370 χ,
291 4300 341 4355 ubi
357 4300 488 4356 videlicet
506 4318 653 4371 compages
671 4300 749 4356 hiare
767 4301 916 4356 videbitur.
945 4301 1032 4356 Adest
1044 4318 1131 4356 coena
1148 4296 1314 4369 vespertina,

148 4384 198 4440 sad
215 4385 368 4455 adparatur
383 4385 468 4440 nulla.
497 4385 612 4455 Aliquid
629 4385 718 4440 simile
735 4386 841 4441 factum
857 4385 888 4440 in
906 4385 1047 4453 Pyliorum
1066 4384 1207 4439 sacrificio.

200 4473 306 4523 Ischn,
320 4472 455 4513 Aristarch.
1091 4474 1107 4522 9
