3008 4980
203 361 241 422 86
283 353 316 405 Π.
344 350 386 406 De
405 350 580 406 Aristarchea
596 351 795 405 vocabulorum
812 350 1022 404 Homericorum
1037 349 1282 420 interpretatione.

200 543 259 605 pro
273 541 321 584 re:
343 519 429 603 quod
444 519 522 603 quid
540 519 692 583 sibivth
714 519 799 583 docti
820 517 1016 604 intelligunt.
1049 517 1242 584 Rectissime
1262 517 1368 603 hymn

200 625 282 691 Ven.
314 631 371 693 128
405 625 613 690 coniunctum
644 624 837 690 vocabulum
871 646 944 689 cum
977 646 1154 710 synonymo
1189 618 1366 699 δεικνύναι,

200 725 303 814 αὐτὰρ
326 726 443 819 ἐπειδὴ
467 730 553 810 δεῖξε
574 729 630 796 καὶ
650 725 793 820 ἔφρασεν
814 729 920 800 -.11.
940 733 979 794 A
1001 736 1039 799 83
1060 731 1094 796 in
1113 732 1369 817 Agamemnonis

201 840 345 905 oratione
368 840 407 904 ad
429 841 636 905 Calchantem

511 944 549 1010 οὐ
573 943 609 1010 δὲ
631 938 761 1034 φράσαι
782 939 818 1010 εἴ
829 969 872 1028 με
893 939 1036 1021 σαώσεις

199 1053 282 1119 hanc
295 1054 466 1120 lectionem
480 1077 539 1138 pro
555 1053 739 1119 Zenodotea
761 1046 889 1140 φράσον
911 1052 1053 1140 elegerat
1066 1053 1286 1133 Aristarchus,
1304 1076 1371 1120 non

201 1161 288 1245 quod
313 1153 442 1248 φράσον
470 1165 554 1226 stare
580 1183 647 1225 non
673 1164 783 1245 posset
808 1163 857 1242 (ut
883 1161 984 1225 videri
1010 1161 1114 1245 possit
1139 1182 1179 1225 ex
1199 1159 1370 1245 Apollonii

200 1267 260 1333 lex.
279 1291 309 1353 p.
334 1273 393 1336 840
415 1270 505 1355 (165,
531 1267 713 1351 7Bekk.>)‚
741 1267 797 1332 sed
825 1269 911 1352 quod
938 1289 976 1332 eo
1005 1267 1079 1333 loco
1109 1259 1241 1355 φράσαι
1268 1269 1371 1356 signi·

200 1374 347 1440 ficantius
373 1375 489 1455 visum,
516 1378 553 1440 ut
578 1374 781 1440 Aristonicus
810 1375 916 1442 docet:
950 1368 1002 1439 δτι
1031 1365 1221 1458 Ζηνόδοτος
1247 1368 1372 1464 γράφει

200 1473 343 1567 φράσον·
370 1481 499 1563 μᾶλλον
521 1477 618 1546 δὲτὸ
640 1476 770 1569 φράσαι
789 1473 937 1564 ἆρμόζει.
970 1479 1040 1548 Νεο
1062 1484 1090 1544 δ
1113 1487 1172 1548 142
1194 1472 1298 1560 αδτδς
1317 1484 1372 1546 νῦν

199 1586 425 1672 προκάλεσσαι
440 1583 500 1654 ἰὼν
520 1586 577 1654 καὶ
597 1584 752 1677 πέφραδε
771 1591 892 1671 μῦθον,
913 1589 971 1654 ubi
991 1592 1166 1655 annotatur
1186 1581 1265 1654 οότε
1278 1584 1372 1674 'Aet-

199 1717 338 1780 σταρχος
369 1689 443 1763 otte
461 1690 703 1784 Ἀριστοφάνης
729 1688 803 1761 alica
824 1692 1012 1783 Ζηνόδοτος
1037 1690 1233 1761 ἐπίστανται
1253 1700 1372 1762 τοῦτον

152 1814 183 1864 tt
201 1800 259 1868 τὸν
280 1797 403 1883 στίχον,
433 1805 581 1871 vocabuli
606 1805 798 1890 significatio
829 1806 950 1869 absona
974 1805 1055 1884 visa,
1083 1805 1140 1870 sed
1163 1804 1253 1870 haud
1275 1805 1372 1871 dubie

200 1913 311 1977 aberat
344 1934 452 1976 versus
485 1913 519 1976 in
555 1911 742 1977 melioribus
772 1911 847 1976 Mss.
880 1910 965 1977 Nam
996 1917 1049 1990 (ne
1080 1912 1120 1976 da
1149 1910 1372 1998 Aristophane

201 2019 315 2100 dicam)
342 2016 526 2085 Zenodotus
559 2023 644 2084 certe
674 2019 714 2083 ad
743 2019 807 2084 vim
832 2020 919 2084 vocis
945 2041 985 2084 ne
1016 2018 1198 2083 attenderat
1228 2020 1371 2103 quidem.

200 2123 275 2189 Non
290 2146 422 2209 possum
434 2126 469 2190 in
483 2126 544 2191 hac
557 2149 592 2191 re
611 2125 704 2191 aliter
724 2125 863 2192 iudicare
885 2148 945 2191 nec
966 2147 1038 2190 cum
1052 2124 1219 2191 Nitcschio
1242 2127 1372 2192 sentire.

665 2330 895 2338 --——-—-—-

695 2609 697 2613 .
729 2558 845 2637 Σῶμα

379 2706 469 2794 apud
489 2709 663 2773 Homerum
683 2707 799 2772 διἀιλτιν
820 2720 943 2777 taetrum
965 2706 1003 2771 de
1025 2706 1184 2772 cadavere.

281 2871 431 2959 Apollon
446 2873 505 2940 lex
519 2873 560 2941 H.
576 2896 607 2959 p.
620 2867 710 2941 754
695 2896 712 2937 ο
728 2865 941 2955 Ἀρίσταρχος
955 2865 1164 2958 παρατετήρη
1166 2895 1203 2936 κε
1216 2870 1256 2939 τὸ
1272 2868 1372 2961 σύνη-

199 2984 261 3055 θες
276 2974 422 3065 Ὁμήρῳ.
464 2976 521 3045 καὶ
548 3001 767 3106 σεσημειωται
789 2973 936 3069 διπλῇ“
915 3002 969 3045 οτι
989 2981 1085 3060 σῶμα
1099 2975 1248 3124 Όμηρος
1270 2974 1371 3047 οὐδέ-

75 3144 78 3151 .
199 3110 280 3153 ποτε
302 3083 359 3151 ἐπὶ
380 3089 439 3151 τοῦ
460 3079 636 3165 ζώντος”
602 3109 738 3172 ειρηκεν.

281 3196 376 3276 σῶμα
398 3188 434 3259 δδ
457 3186 568 3259 οἴκαδ’
592 3189 673 3276 ἐμὸν
695 3187 835 3276 δόμεναι
856 3195 906 3278 (Χ
926 3198 998 3276 342)

199 3324 255 3367 και
248 3296 377 3366 πάλιν

280 3402 415 3497 μεγάλην
437 3405 494 3474 ἐπὶ
515 3402 644 3491 στόματι
665 3400 787 3490 κόρσας
809 3411 852 3489 (Γ
869 3411 930 3491 23).

574 3511 676 3599 δέμας
698 3509 732 3581 δ)
757 3508 851 3602 ἤϊκτο
871 3513 999 3600 γυναικὶ

284 3624 371 3715 καλῇ
391 3649 426 3691 τε
445 3619 574 3712 μεγάλη
595 3646 630 3688 τε
652 3627 681 3705 (ν
702 3629 785 3707 288).

199 3734 288 3800 Ηοεο
311 3733 369 3799 ult
346 3737 425 3799 t1ma
446 3733 594 3799 mutilata
615 3732 693 3816 quid
717 3732 779 3797 sihi
799 3731 900 3798 velint
922 3733 976 3813 (sc.
999 3733 1087 3797 de
1057 3755 1129 3798 v1vo
1152 3754 1286 3816 corpora
1301 3733 1374 3800 Ho-

200 3864 323 3906 merum
339 3841 442 3907 dicere
459 3837 629 3924 δέμας)ο1
597 3863 705 3924 epar
727 3862 760 3905 se
774 3841 918 3923 patetet
904 3838 1118 3904 tillustratur
1138 3840 1189 3905 his
1203 3839 1374 3907 Plutarchi

199 3970 286 4033 poes.
303 3948 396 4013 Hom.
415 3970 441 4015 c.
460 3955 517 4017 124
533 3942 616 4013 ὅθεν
637 3939 772 4011 κάκιινο
796 3945 888 4010 δοκεῖ
907 3947 977 4023 τοῖς
998 3938 1257 4035 φιλοσόφοις
1223 3970 1262 4013 το
1286 3938 1374 4015 εἶναι

199 4053 237 4119 τό
264 4057 358 4136 σῶμα
385 4047 512 4140 τρόπον
536 4052 610 4119 τινὰ
639 4057 697 4142 τῆς
723 4057 831 4143 ψυχῆς
856 4047 1088 4143 δεσμωτήριον.
1126 4050 1183 4118 καὶ
1208 4056 1307 4120 τοῦτο
1337 4052 1376 4120 δὲ

193 4157 340 4248 Ὅμηρος
363 4165 495 4247 πρῶτος
522 4157 683 4248 ἐδήλωσε·
707 4160 746 4226 τὸ
773 4157 834 4244 μὲν
860 4159 922 4247 γὰρ
949 4164 1014 4225 τῶν
1041 4155 1168 4240 ζώντων
1191 4153 1244 4225 ἀεὶ
1266 4158 1375 4244 δέμας

199 4266 453 4355 προσαγορεύει,
486 4263 531 4348 ὣς
557 4267 592 4335 ἐν
618 4262 749 4346 τοότοις
780 4262 845 4348 ,,οό
870 4266 975 4352 δέμας
996 4262 1076 4335 οὐδὲ
1099 4261 1208 4357 φυήν(ι
1237 4269 1270 4354 <ε
1293 4271 1375 4357 212)

199 4375 256 4445 καὶ
277 4373 406 4460 ,,δέμας
428 4370 459 4441 δ’
482 4369 579 4464 ἤϊκτο
602 4371 757 4463 γοναικόκ
778 4375 835 4443 καὶ
856 4371 959 4465 »ἤτοι
980 4373 1062 4466 ἐμὴν
1084 4368 1203 4460 ἀρετὴν
1224 4365 1315 4453 εἶδός
1336 4401 1374 4442 τε
