3008 4980
203 352 263 416 332
504 345 538 402 V.
558 345 599 402 De
617 345 719 404 critic’m
736 344 889 403 Aristarchi
906 345 1067 404 rationibus.

284 516 303 599 ἕ
325 521 353 581 2.
387 513 549 582 Notandis
570 515 714 582 versibus
736 515 853 601 spuriis
875 537 969 581 omne
989 537 1082 580 verae
1104 514 1234 580 criticae
1255 518 1289 581 et
1302 514 1372 580 Ho-

201 624 336 690 mericae
364 623 501 689 maxime
528 624 773 690 fundamentum
792 625 921 689 iactum.
964 621 1050 689 Nam
1072 622 1226 708 quamdiu
1246 623 1282 688 iu
1303 644 1372 688 car-

201 732 342 798 minibus
369 753 441 797 vere
469 732 603 812 dissoni,
631 731 761 797 absurdi
784 730 849 796 loci
874 730 1079 816 legebantur,
1114 731 1248 817 vigebat
1273 753 1372 815 quae-

201 840 356 915 stionum,
387 861 466 924 quas
495 861 591 924 supra
617 839 855 924 descripsimus,
883 838 978 904 ardor
1003 859 1063 903 nec
1089 837 1212 903 multae
1239 837 1372 904 refutari

200 951 351 1034 poterant
373 946 437 1013 nisi
458 947 657 1033 argumentis
678 947 757 1012 item
777 945 896 1031 ineptis
917 967 976 1011 nec
997 967 1049 1011 res
1071 967 1090 1011 a
1110 946 1227 1032 puerili
1250 950 1283 1012 et
1305 946 1372 1012 dia-

199 1056 313 1121 lectica
342 1055 527 1120 velitatione
556 1055 597 1121 ad
622 1053 746 1121 virilem
774 1057 806 1119 et
831 1054 1074 1140 grammaticam
1105 1052 1372 1119 deliberationem

200 1163 308 1228 venire
339 1165 475 1248 poterat.
527 1161 631 1242 Quare
662 1163 690 1227 si
723 1161 806 1227 nihil
831 1161 919 1227 aliud
944 1161 1160 1246 praestitisset
1185 1159 1372 1226 Zenodctus

201 1293 299 1354 quam
323 1273 360 1336 ut
384 1270 468 1336 hanc
488 1269 732 1336 meditationem
757 1269 798 1335 ad
817 1269 995 1335 Homerum
1021 1268 1184 1334 attulisset
1204 1290 1373 1353 nunquam

201 1379 269 1444 eius
290 1376 446 1444 memoria
467 1376 570 1462 perire
593 1376 736 1456 deberet,
759 1377 877 1463 quippe
900 1400 918 1442 a
941 1399 1005 1462 quo
1028 1377 1132 1442 omnis
1154 1375 1284 1441 criticae
1305 1376 1373 1461 pri-

200 1485 324 1551 mordia
344 1484 519 1570 repetenda
541 1484 710 1551 essentne
746 1484 865 1551 Causas
887 1486 914 1550 si
937 1485 1119 1570 quaerimus
1142 1483 1262 1570 quibus
1284 1505 1373 1551 com-

265 1705 305 1746 240
322 1700 402 1759 Obcli
423 1701 515 1772 ipsum
536 1700 592 1755 iam
614 1699 725 1770 signum
742 1699 877 1757 Zenodoti
898 1700 1016 1758 editioni
1038 1699 1199 1772 appositum
1214 1700 1301 1756 fuisse
1317 1719 1375 1757 non

191 1787 395 1850 ,dubitandum
429 1785 629 1856 Aristophanes
648 1789 794 1856 praeterea
811 1785 841 1840 in
858 1785 1012 1842 Homericis
1034 1785 1136 1841 habuit
1155 1785 1308 1842 ceraunion
1326 1786 1374 1858 (ad

199 1872 292 1943 plures
309 1875 341 1928 ut
358 1870 469 1927 videtur
486 1869 632 1926 continuos
649 1887 744 1925 versus
762 1870 869 1940 spurios
886 1888 941 1926 uno
961 1871 1040 1942 signo
1057 1870 1205 1937 notandos,
1224 1871 1302 1940 quod
1313 1871 1374 1926 Ari·

199 1958 310 2013 starchc
326 1973 383 2012 non
401 1955 577 2011 commodum
594 1953 686 2009 visum
701 1973 754 2012 nec
771 1956 942 2026 assumtum),
960 1954 1049 2026 sigma
1067 1957 1096 2010 et
1113 1953 1277 2026 antisigma,
1301 1960 1376 2012 aste-

200 2040 331 2106 riscum,
334 2040 380 2107 a,d
397 2039 535 2096 notandos
552 2038 627 2094 locos
645 2039 746 2108 quibus
762 2058 857 2096 sensus
875 2041 998 2096 deesset“
1021 2038 1137 2108 (Anecd.
1155 2038 1240 2094 Paris.
1257 2039 1376 2096 Reiffer-

199 2125 294 2181 scheid
315 2144 343 2195 p.
363 2124 430 2195 139).
470 2122 528 2179 Nec
550 2123 587 2178 ad
608 2124 681 2179 hanc
707 2142 767 2181 rem
790 2124 963 2191 Aristarcho,
986 2123 1032 2179 cui
1054 2124 1091 2178 ad
1111 2124 1166 2178 hoc
1188 2122 1275 2178 etiarn
1297 2124 1376 2221 diple

199 2209 369 2274 sufficiebat,
343 2207 532 2278 tsingulare
554 2207 666 2278 signum
688 2226 757 2280 opus
780 2209 936 2266 videbatur.
971 2208 1026 2264 Sed
1042 2212 1154 2279 praeter
1171 2207 1269 2279 diplen
1286 2210 1376 2280 perie-

200 2294 356 2365 stigmenen
378 2293 415 2347 ad
432 2293 590 2349 Zenodotea
612 2294 738 2350 notanda
761 2295 938 2350 commodum
954 2292 1114 2349 Aristarcho
1132 2291 1223 2347 visum
1240 2292 1376 2364 singulari

200 2379 278 2450 signo
300 2380 398 2434 notare
415 2377 490 2433 locos
513 2381 686 2434 recurrentes
703 2396 778 2433 nunc
795 2382 871 2435 recte
888 2396 962 2433 nunc
979 2378 1049 2433 falso
1069 2376 1187 2448 positos;
1215 2381 1245 2434 et
1263 2379 1302 2433 ad
1320 2379 1376 2434 hoc

199 2463 323 2536 potius
314 2480 373 2534 1pse
396 2461 526 2519 asterisco
549 2481 614 2519 usus
632 2468 674 2521 est
691 2468 720 2521 11
739 2463 948 2534 contraposuit
965 2463 1127 2518 asteriscum
1144 2462 1296 2519 obolatam
1330 2463 1373 2519 De

199 2550 243 2604 his
259 2549 323 2605 vide
341 2548 499 2604 Nauckium
517 2546 600 2606 Arist.
618 2569 646 2620 p.
662 2553 693 2605 16
712 2552 741 2604 11
758 2547 996 2618 Sengebuschium
1013 2547 1075 2603 diss.
1087 2548 1167 2603 Hom.
1179 2548 1193 2601 Ι
1204 2567 1231 2618 p.
1245 2553 1286 2602 50.
1317 2548 1374 2604 Sed

200 2635 275 2706 quod
292 2634 368 2690 idem
384 2633 432 2689 ille
450 2635 560 2700 auctor,
583 2634 628 2690 cui
644 2634 693 2688 illa
711 2633 746 2688 de
764 2631 894 2688 asterisco
912 2632 1117 2704 Aristophaneo
1135 2631 1276 2699 debemus,
1296 2635 1375 2703 quod

200 2722 274 2775 certe
287 2735 370 2774 causa
381 2737 439 2775 non
455 2721 497 2775 est
514 2737 563 2775 cur
581 2719 748 2781 dubitemus,
767 2718 801 2772 de
820 2716 895 2788 diple
913 2717 1001 2773 tradit
1018 2718 1072 2772 hoc
1089 2716 1198 2772 dudum
1214 2716 1272 2772 dici
1289 2719 1373 2774 debe-

198 2805 249 2859 bat
264 2803 469 2874 ineptissimum
486 2820 551 2859 esse.
579 2802 698 2874 „Diplen
717 2801 899 2873 aperisticton
915 2801 1020 2872 primus
1033 2801 1170 2873 Leogoras
1182 2800 1375 2872 Syracusanus

199 2888 330 2960 apposuit
340 2889 493 2945 Homericis
505 2889 628 2944 versibus
640 2887 677 2941 ad
690 2887 896 2957 separationem
907 2886 1020 2958 Olympi
1031 2886 1142 2952 acaelo,
1153 2888 1268 2958 proprie
1281 2887 1374 2958 Olym·

198 2992 268 3044 pum
284 2972 320 3028 ab
339 2990 370 3029 eo
389 2991 440 3044 pro
452 2977 546 3030 monte
563 2972 687 3044 positum
703 2973 848 3036 adnotans,
866 2989 1004 3040 nusquam
1021 2987 1072 3042 pro
1090 2971 1175 3040 caelo,
1193 2972 1270 3041 quod
1287 2989 1372 3044 saepe

200 3055 327 3128 οὐρανὸν
345 3051 431 3129 εὐρύν
449 3057 525 3113 dicat
537 3060 566 3112 11
582 3057 697 3128 μακρὸν
708 3050 865 3126 Ὄλυμπον,
883 3073 975 3126 neque
987 3073 1002 3112 e
1015 3054 1155 3112 contrario
1168 3056 1296 3127 epitheta
1312 3075 1374 3128 per·

199 3142 297 3197 mutet.
307 3143 432 3212 ponebat
441 3144 535 3198 autem
544 3144 603 3196 tam
613 3143 650 3196 ad
659 3140 761 3198 montis
771 3141 986 3212 significationes
995 3158 1081 3210 quam
1089 3141 1126 3194 ad
1135 3140 1217 3196 caeli:
1229 3141 1375 3212 utrimque

199 3225 395 3282 manifestatur
406 3227 535 3282 voluntas
547 3226 613 3282 eius.
632 3245 696 3282 usus
708 3230 750 3282 111
762 3244 795 3282 11
807 3226 837 3282 in
848 3226 944 3282 multis
955 3225 1139 3291 Aristarchus,
1156 3243 1232 3281 nunc
1249 3243 1283 3281 ea
1300 3243 1375 3296 quae

198 3314 311 3381 praeter
333 3311 562 3368 consuetudinem
582 3315 641 3367 tarn
663 3310 739 3366 vitae
756 3315 867 3368 nostrae
886 3329 970 3380 quam
987 3310 1074 3382 ipsius
1093 3313 1195 3381 poetae
1212 3311 1291 3381 apud
1308 3328 1374 3367 eum

198 3394 392 3451 invenirentur
408 3397 553 3462 adactam,
571 3412 646 3450 nunc
663 3394 791 3465 proprias
811 3394 898 3466 ipsius
916 3395 1035 3465 figuras,
1051 3395 1195 3451 interdum
1213 3411 1246 3451 ea
1264 3395 1295 3450 in
1312 3395 1372 3466 qui·

199 3481 251 3535 bus
263 3478 389 3550 copiosus
401 3483 450 3547 est,
468 3499 561 3536 rursus
573 3496 645 3549 quae
662 3480 747 3535 semel
764 3480 841 3550 apud
856 3479 937 3534 illum
952 3482 1148 3550 ponerentur“.
1176 3478 1371 3536 Aristarchum

197 3565 303 3640 Ι1111111,
321 3565 344 3620 si
360 3565 417 3620 iam
436 3568 502 3621 ante
522 3563 622 3633 aliquis
640 3564 699 3618 eius
715 3582 780 3619 usus
798 3566 873 3629 erat,
891 3563 928 3617 ad
945 3565 1033 3620 multo
1051 3564 1133 3634 plura
1150 3563 1322 3632 adhibuisse,
1339 3567 1373 3620 ut

198 3650 279 3720 plura
300 3650 444 3720 multoque
465 3651 547 3721 plura
568 3648 723 3705 attenderit
740 3652 769 3704 11
786 3647 986 3715 observaverit,
1008 3648 1038 3703 id
1063 3651 1170 3704 certum
1192 3651 1221 3704 et
1238 3648 1371 3705 sciremus

134 3748 183 3800 338
200 3735 259 3790 sine
271 3735 328 3790 illo.
355 3734 450 3789 Fuisse
460 3734 518 3789 iam
529 3737 596 3790 ante
608 3750 672 3788 eum
683 3733 806 3803 aliquem
823 3733 912 3804 diples
929 3751 1010 3788 usum
1027 3732 1058 3787 id
1074 3735 1168 3803 potest
1184 3750 1284 3789 verum
1301 3751 1372 3790 esse:

198 3820 247 3875 sed
259 3819 300 3873 illi
312 3819 472 3876 testimonio
484 3818 562 3875 nulla
575 3818 652 3874 fides.
680 3817 774 3874 Fuisse
787 3818 911 3889 aliquam
929 3821 995 3874 ante
1007 3816 1200 3873 Aristarchum
1217 3817 1372 3875 editionem

197 3903 381 3972 Homericam,
399 3907 428 3960 et
446 3903 560 3974 quidem
575 3904 633 3957 iam
651 3902 727 3974 diple
745 3921 834 3969 usam,
853 3902 944 3973 ignoti
961 3903 1107 3958 cuiusdam
1123 3901 1275 3973 Leogorae,
1294 3903 1372 3960 cuius

199 3986 329 4044 editionis
341 3987 449 4042 nullum
464 3992 609 4059 praeterea
621 3987 777 4058 vestigium,
796 3991 871 4044 11111
888 4005 945 4043 non
962 3987 1114 4043 admodum
1130 3986 1286 4057 probabile.
1316 3987 1371 4044 Sed

199 4075 266 4130 esto.
296 4071 363 4138 Quis
375 4074 470 4129 eredat
481 4072 568 4128 talem
584 4071 744 4138 editionem,
762 4072 793 4128 in
810 4090 865 4142 qua
882 4072 959 4143 diple
976 4071 1033 4127 iam
1051 4071 1180 4142 apposita
1197 4071 1303 4138 fuisset,
1321 4072 1371 4127 sed

198 4158 236 4214 ad
257 4158 345 4213 solam
367 4156 575 4214 distinctionem
598 4156 668 4213 caeli
689 4161 718 4213 et
735 4156 868 4228 Olympi?
898 4160 926 4213 11
948 4157 1018 4212 haec
1036 4154 1179 4212 distinctio
1196 4158 1316 4227 probata
1334 4174 1368 4212 ex

199 4241 263 4298 solis
280 4240 426 4298 adiectivis
443 4239 528 4314 εὐρύς
545 4245 574 4297 11
593 4235 724 4315 μακρὸςῖ
752 4243 811 4298 11111
827 4258 893 4297 vero
911 4240 958 4296 hic
974 4241 1109 4297 habemus
1127 4240 1318 4298 confusionem
1334 4257 1367 4296 eo

199 4326 320 4397 dignam
339 4326 387 4398 qui
405 4326 479 4383 obeli
496 4345 577 4383 usum
593 4326 629 4382 ab
649 4325 736 4383 obolis
753 4324 891 4382 Pisistrati
909 4326 987 4382 ducit
1004 4326 1051 4397 (ib.
1069 4345 1096 4397 p.
1110 4329 1177 4395 138).
1206 4324 1259 4380 Illa
1277 4325 1366 4382 obser·

199 4411 276 4470 vatio
287 4411 323 4468 de
335 4412 419 4484 εὐρύς
435 4415 465 4469 11
480 4406 592 4485 μακρός
608 4430 665 4470 non
678 4411 819 4484 Leogorea
837 4414 878 4468 est
894 4411 943 4468 sed
955 4409 1141 4478 Aristarchus,
1158 4413 1192 4468 ut
1208 4426 1294 4481 supra
1309 4425 1367 4467 une
