<?xml version="1.0" encoding="UTF-8"?>
<!DOCTYPE html PUBLIC "-//W3C//DTD XHTML 1.0 Transitional//EN"
    "http://www.w3.org/TR/xhtml1/DTD/xhtml1-transitional.dtd">
<html xmlns="http://www.w3.org/1999/xhtml" xml:lang="en" lang="en">
 <head>
  <title>
</title>
<meta http-equiv="Content-Type" content="text/html;charset=utf-8" />
  <meta name='ocr-system' content='tesseract 3.04.00' />
  <meta name='ocr-capabilities' content='ocr_page ocr_carea ocr_par ocr_line ocrx_word'/>
</head>
<body>
  <div class='ocr_page' id='page_1' title='image "./dearistarchistu01lehrgoog/dearistarchistu01lehrgoog_0149.png"; bbox 0 0 3008 4980; ppageno 0'>
   <div class='ocr_carea' id='block_1_1' title="bbox 220 316 1306 390">
    <p class='ocr_par' dir='ltr' id='par_1_1' title="bbox 220 316 1306 390">
     <span class='ocr_line' id='line_1_1' title="bbox 220 316 1306 390; baseline 0.002 -16"><span class='ocrx_word' id='word_1_1' title='bbox 220 328 278 390; x_wconf 83' lang='lat'><strong><em>134</em></strong></span> <span class='ocrx_word' id='word_1_2' title='bbox 299 320 335 374; x_wconf 86' lang='lat' dir='ltr'><strong><em>IL</em></strong></span> <span class='ocrx_word' id='word_1_3' title='bbox 360 316 403 374; x_wconf 91' lang='lat' dir='ltr'><strong><em>De</em></strong></span> <span class='ocrx_word' id='word_1_4' title='bbox 420 317 597 374; x_wconf 78' lang='lat' dir='ltr'>Aristarchea</span> <span class='ocrx_word' id='word_1_5' title='bbox 613 316 814 372; x_wconf 83' lang='lat' dir='ltr'>vocabulorum</span> <span class='ocrx_word' id='word_1_6' title='bbox 830 316 1040 374; x_wconf 82' lang='lat' dir='ltr'>Homericomm</span> <span class='ocrx_word' id='word_1_7' title='bbox 1054 318 1306 389; x_wconf 64' lang='lat' dir='ltr'>interpretatione.</span> 
     </span>
    </p>
   </div>
   <div class='ocr_carea' id='block_1_2' title="bbox 134 478 1392 3912">
    <p class='ocr_par' dir='ltr' id='par_1_2' title="bbox 134 478 1392 3912">
     <span class='ocr_line' id='line_1_2' title="bbox 217 478 1391 575; baseline 0.003 -23"><span class='ocrx_word' id='word_1_8' title='bbox 217 489 307 555; x_wconf 86' lang='lat' dir='ltr'>adv.</span> <span class='ocrx_word' id='word_1_9' title='bbox 329 494 403 566; x_wconf 83' lang='grc'>346,</span> <span class='ocrx_word' id='word_1_10' title='bbox 429 488 464 551; x_wconf 91' lang='lat' dir='ltr'><strong><em>in</em></strong></span> <span class='ocrx_word' id='word_1_11' title='bbox 489 508 555 570; x_wconf 89' lang='lat' dir='ltr'><strong><em>quo</em></strong></span> <span class='ocrx_word' id='word_1_12' title='bbox 582 507 664 571; x_wconf 85' lang='lat' dir='ltr'>quae</span> <span class='ocrx_word' id='word_1_13' title='bbox 689 492 822 571; x_wconf 89' lang='lat' dir='ltr'>peccata</span> <span class='ocrx_word' id='word_1_14' title='bbox 843 490 920 552; x_wconf 89' lang='lat' dir='ltr'>sunt</span> <span class='ocrx_word' id='word_1_15' title='bbox 940 510 1037 572; x_wconf 87' lang='lat' dir='ltr'>supra</span> <span class='ocrx_word' id='word_1_16' title='bbox 1057 489 1185 553; x_wconf 86' lang='lat' dir='ltr'>correxi</span> <span class='ocrx_word' id='word_1_17' title='bbox 1204 489 1242 553; x_wconf 91' lang='lat' dir='ltr'><strong><em>in</em></strong></span> <span class='ocrx_word' id='word_1_18' title='bbox 1263 513 1293 555; x_wconf 83' lang='lat' dir='ltr'><strong><em>v.</em></strong></span> <span class='ocrx_word' id='word_1_19' title='bbox 1314 478 1391 575; x_wconf 80' lang='grc' dir='ltr'><strong><em>ὧδε)</em></strong></span> 
     </span>
     <span class='ocr_line' id='line_1_3' title="bbox 218 586 1392 682; baseline 0.003 -21"><span class='ocrx_word' id='word_1_20' title='bbox 218 597 263 661; x_wconf 87' lang='lat' dir='ltr'><strong><em>sic</em></strong></span> <span class='ocrx_word' id='word_1_21' title='bbox 281 597 400 681; x_wconf 84' lang='lat' dir='ltr'>scripta</span> <span class='ocrx_word' id='word_1_22' title='bbox 418 596 563 661; x_wconf 83' lang='lat' dir='ltr'>fuerunt:</span> <span class='ocrx_word' id='word_1_23' title='bbox 578 642 585 656; x_wconf 92' lang='lat'>.</span> <span class='ocrx_word' id='word_1_24' title='bbox 602 641 609 656; x_wconf 93' lang='lat'><strong>.</strong></span> <span class='ocrx_word' id='word_1_25' title='bbox 625 647 632 661; x_wconf 93' lang='lat'>.</span> <span class='ocrx_word' id='word_1_26' title='bbox 654 586 801 659; x_wconf 78' lang='grc' dir='ltr'><strong><em>κάκεῖσε·</em></strong></span> <span class='ocrx_word' id='word_1_27' title='bbox 821 592 880 659; x_wconf 91' lang='grc' dir='ltr'><strong><em>καὶ</em></strong></span> <span class='ocrx_word' id='word_1_28' title='bbox 892 589 1001 659; x_wconf 77' lang='grc' dir='ltr'><strong><em>ἔοικεν</em></strong></span> <span class='ocrx_word' id='word_1_29' title='bbox 1014 590 1232 682; x_wconf 81' lang='grc' dir='ltr'><strong><em>ε’ξειληφέναι</em></strong></span> <span class='ocrx_word' id='word_1_30' title='bbox 1244 594 1286 664; x_wconf 85' lang='grc' dir='ltr'><strong><em>τὸ</em></strong></span> <span class='ocrx_word' id='word_1_31' title='bbox 1300 587 1392 677; x_wconf 70' lang='lat' dir='ltr'>„uide</span> 
     </span>
     <span class='ocr_line' id='line_1_4' title="bbox 217 695 1047 788; baseline 0 -22"><span class='ocrx_word' id='word_1_32' title='bbox 217 701 279 788; x_wconf 87' lang='grc' dir='ltr'><strong><em>γὰρ</em></strong></span> <span class='ocrx_word' id='word_1_33' title='bbox 300 697 459 786; x_wconf 56' lang='grc' dir='ltr'><strong><em>ἔβρισαν(</em></strong></span> <span class='ocrx_word' id='word_1_34' title='bbox 481 705 568 786; x_wconf 82' lang='grc'>(346)</span> <span class='ocrx_word' id='word_1_35' title='bbox 588 703 746 786; x_wconf 78' lang='grc' dir='ltr'><strong><em>τοπικῶς,</em></strong></span> <span class='ocrx_word' id='word_1_36' title='bbox 767 695 838 768; x_wconf 69' lang='grc' dir='ltr'><strong><em>ἔστι</em></strong></span> <span class='ocrx_word' id='word_1_37' title='bbox 861 697 898 766; x_wconf 78' lang='grc' dir='ltr'><strong><em>δὲ</em></strong></span> <span class='ocrx_word' id='word_1_38' title='bbox 912 751 920 764; x_wconf 94' lang='grc'><strong>.</strong></span> <span class='ocrx_word' id='word_1_39' title='bbox 936 753 944 769; x_wconf 91' lang='grc'><strong>.</strong></span> <span class='ocrx_word' id='word_1_40' title='bbox 960 751 969 768; x_wconf 90' lang='grc'><strong>.</strong></span> <span class='ocrx_word' id='word_1_41' title='bbox 983 704 1047 767; x_wconf 74' lang='lat'><strong><em>,⁷⁶⁵</em></strong></span> 
     </span>
     <span class='ocr_line' id='line_1_5' title="bbox 300 797 1390 899; baseline 0.006 -26"><span class='ocrx_word' id='word_1_42' title='bbox 300 814 344 875; x_wconf 84' lang='lat' dir='ltr'><em>M</em></span> <span class='ocrx_word' id='word_1_43' title='bbox 355 817 416 879; x_wconf 80' lang='lat'><strong><em>359</em></strong></span> <span class='ocrx_word' id='word_1_44' title='bbox 437 797 504 874; x_wconf 82' lang='grc' dir='ltr'><strong><em>ὦδε</em></strong></span> <span class='ocrx_word' id='word_1_45' title='bbox 525 807 587 894; x_wconf 85' lang='grc' dir='ltr'><strong><em>γὰρ</em></strong></span> <span class='ocrx_word' id='word_1_46' title='bbox 609 804 745 896; x_wconf 72' lang='grc' dir='ltr'><strong><em>ἔβρισαν</em></strong></span> <span class='ocrx_word' id='word_1_47' title='bbox 758 804 899 874; x_wconf 83' lang='grc' dir='ltr'><strong><em>Λυκίων</em></strong></span> <span class='ocrx_word' id='word_1_48' title='bbox 919 803 1013 895; x_wconf 73' lang='grc' dir='ltr'><strong><em>δγοίε</em></strong></span> <span class='ocrx_word' id='word_1_49' title='bbox 1032 803 1066 896; x_wconf 74' lang='grc' dir='ltr'><strong><em>(ἦ</em></strong></span> <span class='ocrx_word' id='word_1_50' title='bbox 1083 809 1192 898; x_wconf 80' lang='grc' dir='ltr'><strong><em>διπλῆ</em></strong></span> <span class='ocrx_word' id='word_1_51' title='bbox 1206 835 1390 899; x_wconf 84' lang='grc' dir='ltr'><strong><em>περιεστιγ·</em></strong></span> 
     </span>
     <span class='ocr_line' id='line_1_6' title="bbox 216 911 1391 1006; baseline 0.004 -23"><span class='ocrx_word' id='word_1_52' title='bbox 216 912 309 1004; x_wconf 81' lang='grc' dir='ltr'><strong><em>μόνη)</em></strong></span> <span class='ocrx_word' id='word_1_53' title='bbox 326 913 378 982; x_wconf 86' lang='grc' dir='ltr'><strong><em>ότι</em></strong></span> <span class='ocrx_word' id='word_1_54' title='bbox 394 911 581 1005; x_wconf 80' lang='grc' dir='ltr'><strong><em>Ζηνόδοτος</em></strong></span> <span class='ocrx_word' id='word_1_55' title='bbox 595 911 718 1006; x_wconf 85' lang='grc' dir='ltr'><strong><em>γράφει</em></strong></span> <span class='ocrx_word' id='word_1_56' title='bbox 739 919 854 996; x_wconf 75' lang='lat' dir='ltr'>„asine</span> <span class='ocrx_word' id='word_1_57' title='bbox 874 915 937 1005; x_wconf 78' lang='grc' dir='ltr'><strong><em>γὰρ</em></strong></span> <span class='ocrx_word' id='word_1_58' title='bbox 957 912 1120 1003; x_wconf 51' lang='grc' dir='ltr'><strong><em>όβρισανῑ(</em></strong></span> <span class='ocrx_word' id='word_1_59' title='bbox 1142 913 1205 1000; x_wconf 76' lang='grc' dir='ltr'><strong><em>οὐχ</em></strong></span> <span class='ocrx_word' id='word_1_60' title='bbox 1224 916 1329 1006; x_wconf 77' lang='grc' dir='ltr'><strong><em>ὑγιῶς</em></strong></span> <span class='ocrx_word' id='word_1_61' title='bbox 1346 915 1391 1001; x_wconf 83' lang='grc' dir='ltr'><strong><em>είς</em></strong></span> 
     </span>
     <span class='ocr_line' id='line_1_7' title="bbox 217 1017 1390 1118; baseline 0.002 -26"><span class='ocrx_word' id='word_1_62' title='bbox 217 1024 342 1092; x_wconf 79' lang='grc' dir='ltr'><strong><em>ἐκεῖνον</em></strong></span> <span class='ocrx_word' id='word_1_63' title='bbox 362 1024 420 1091; x_wconf 84' lang='grc' dir='ltr'><strong><em>τὸν</em></strong></span> <span class='ocrx_word' id='word_1_64' title='bbox 432 1020 551 1090; x_wconf 85' lang='grc' dir='ltr'><strong><em>τόπον·</em></strong></span> <span class='ocrx_word' id='word_1_65' title='bbox 574 1023 626 1090; x_wconf 88' lang='grc' dir='ltr'><strong><em>δεῖ</em></strong></span> <span class='ocrx_word' id='word_1_66' title='bbox 645 1022 707 1111; x_wconf 86' lang='grc' dir='ltr'><strong><em>γὰρ</em></strong></span> <span class='ocrx_word' id='word_1_67' title='bbox 725 1021 760 1090; x_wconf 80' lang='grc' dir='ltr'><strong><em>ἐν</em></strong></span> <span class='ocrx_word' id='word_1_68' title='bbox 781 1019 896 1112; x_wconf 82' lang='grc' dir='ltr'><strong><em>ε’κείνρι</em></strong></span> <span class='ocrx_word' id='word_1_69' title='bbox 915 1029 965 1110; x_wconf 75' lang='grc' dir='ltr'><strong><em>τῷ</em></strong></span> <span class='ocrx_word' id='word_1_70' title='bbox 984 1017 1088 1112; x_wconf 86' lang='grc' dir='ltr'><strong><em>τόπῳ.</em></strong></span> <span class='ocrx_word' id='word_1_71' title='bbox 1124 1024 1231 1092; x_wconf 75' lang='grc' dir='ltr'><strong><em>δεῖδὲ</em></strong></span> <span class='ocrx_word' id='word_1_72' title='bbox 1250 1023 1390 1118; x_wconf 76' lang='grc' dir='ltr'><strong><em>γράφειν</em></strong></span> 
     </span>
     <span class='ocr_line' id='line_1_8' title="bbox 216 1123 1389 1220; baseline 0.001 -20"><span class='ocrx_word' id='word_1_73' title='bbox 216 1123 297 1200; x_wconf 80' lang='grc' dir='ltr'><strong><em>ὦδε·</em></strong></span> <span class='ocrx_word' id='word_1_74' title='bbox 330 1131 453 1219; x_wconf 83' lang='grc' dir='ltr'><strong><em>τὸγὰρ</em></strong></span> <span class='ocrx_word' id='word_1_75' title='bbox 479 1124 657 1216; x_wconf 84' lang='grc' dir='ltr'><strong><em>λεγόμενόν</em></strong></span> <span class='ocrx_word' id='word_1_76' title='bbox 682 1129 783 1197; x_wconf 75' lang='grc' dir='ltr'><strong><em>ἔστιν·</em></strong></span> <span class='ocrx_word' id='word_1_77' title='bbox 813 1129 918 1211; x_wconf 66' lang='grc' dir='ltr'><strong><em>οὕτως</em></strong></span> <span class='ocrx_word' id='word_1_78' title='bbox 938 1126 1149 1220; x_wconf 77' lang='grc' dir='ltr'><strong><em>ἐπεβάρησᾲυ</em></strong></span> <span class='ocrx_word' id='word_1_79' title='bbox 1171 1131 1260 1201; x_wconf 82' lang='grc' dir='ltr'><strong><em>ὥστε</em></strong></span> <span class='ocrx_word' id='word_1_80' title='bbox 1279 1132 1389 1220; x_wconf 81' lang='grc' dir='ltr'><strong><em>χρείαν</em></strong></span> 
     </span>
     <span class='ocr_line' id='line_1_9' title="bbox 216 1233 1388 1329; baseline 0.003 -21"><span class='ocrx_word' id='word_1_81' title='bbox 216 1239 301 1324; x_wconf 64' lang='lat' dir='ltr'>tigria</span> <span class='ocrx_word' id='word_1_82' title='bbox 326 1236 416 1329; x_wconf 76' lang='grc' dir='ltr'><strong><em>ἡμᾶς</em></strong></span> <span class='ocrx_word' id='word_1_83' title='bbox 442 1233 637 1323; x_wconf 86' lang='grc' dir='ltr'><strong><em>συμμαχίας.</em></strong></span> <span class='ocrx_word' id='word_1_84' title='bbox 679 1245 723 1306; x_wconf 90' lang='grc' dir='ltr'><em>Μ</em></span> <span class='ocrx_word' id='word_1_85' title='bbox 740 1246 800 1310; x_wconf 84' lang='grc'><strong><em>368</em></strong></span> <span class='ocrx_word' id='word_1_86' title='bbox 827 1235 931 1324; x_wconf 74' lang='grc' dir='ltr'><strong><em>αὐτὰρ</em></strong></span> <span class='ocrx_word' id='word_1_87' title='bbox 956 1237 1020 1326; x_wconf 78' lang='grc' dir='ltr'><strong><em>ἐγὼ</em></strong></span> <span class='ocrx_word' id='word_1_88' title='bbox 1046 1235 1126 1308; x_wconf 78' lang='grc' dir='ltr'><strong><em>κεῖτ’</em></strong></span> <span class='ocrx_word' id='word_1_89' title='bbox 1150 1233 1223 1326; x_wconf 83' lang='grc' dir='ltr'><strong><em>εἶμι</em></strong></span> <span class='ocrx_word' id='word_1_90' title='bbox 1248 1241 1310 1311; x_wconf 87' lang='grc' dir='ltr'><strong><em>καί</em></strong></span> <span class='ocrx_word' id='word_1_91' title='bbox 1333 1240 1388 1310; x_wconf 84' lang='grc' dir='ltr'><strong><em>άν-</em></strong></span> 
     </span>
     <span class='ocr_line' id='line_1_10' title="bbox 215 1343 1389 1440; baseline 0.003 -27"><span class='ocrx_word' id='word_1_92' title='bbox 215 1347 297 1415; x_wconf 90' lang='grc' dir='ltr'><strong><em>τιόω</em></strong></span> <span class='ocrx_word' id='word_1_93' title='bbox 320 1347 505 1433; x_wconf 65' lang='grc' dir='ltr'><strong><em>πολέμοισι</em></strong></span> <span class='ocrx_word' id='word_1_94' title='bbox 525 1343 558 1435; x_wconf 78' lang='grc' dir='ltr'><strong><em>(ἦ</em></strong></span> <span class='ocrx_word' id='word_1_95' title='bbox 577 1347 684 1435; x_wconf 78' lang='grc' dir='ltr'><strong><em>διπλῆ</em></strong></span> <span class='ocrx_word' id='word_1_96' title='bbox 696 1343 960 1435; x_wconf 74' lang='grc' dir='ltr'><strong><em>περιεστιγμένη)</em></strong></span> <span class='ocrx_word' id='word_1_97' title='bbox 982 1344 1036 1415; x_wconf 85' lang='grc' dir='ltr'><strong><em>ὅτι</em></strong></span> <span class='ocrx_word' id='word_1_98' title='bbox 1054 1344 1248 1436; x_wconf 80' lang='grc' dir='ltr'><strong><em>Ζηνόδοτος</em></strong></span> <span class='ocrx_word' id='word_1_99' title='bbox 1268 1345 1389 1440; x_wconf 83' lang='grc' dir='ltr'><strong><em>γράφει</em></strong></span> 
     </span>
     <span class='ocr_line' id='line_1_11' title="bbox 217 1449 1388 1544; baseline 0.001 -22"><span class='ocrx_word' id='word_1_100' title='bbox 217 1460 319 1523; x_wconf 75' lang='grc' dir='ltr'><strong><em>κεῖθι.</em></strong></span> <span class='ocrx_word' id='word_1_101' title='bbox 356 1461 455 1524; x_wconf 81' lang='grc' dir='ltr'><strong><em>τοῦτο</em></strong></span> <span class='ocrx_word' id='word_1_102' title='bbox 482 1453 520 1522; x_wconf 80' lang='grc' dir='ltr'><strong><em>δὲ</em></strong></span> <span class='ocrx_word' id='word_1_103' title='bbox 540 1450 695 1542; x_wconf 80' lang='grc' dir='ltr'><strong><em>σημαίνει</em></strong></span> <span class='ocrx_word' id='word_1_104' title='bbox 715 1452 751 1521; x_wconf 77' lang='grc' dir='ltr'><strong><em>ἐν</em></strong></span> <span class='ocrx_word' id='word_1_105' title='bbox 773 1449 888 1542; x_wconf 71' lang='grc' dir='ltr'><strong><em>ἐκείνῳ</em></strong></span> <span class='ocrx_word' id='word_1_106' title='bbox 908 1459 956 1542; x_wconf 77' lang='grc' dir='ltr'><strong><em>τῷ</em></strong></span> <span class='ocrx_word' id='word_1_107' title='bbox 975 1451 1085 1544; x_wconf 81' lang='grc' dir='ltr'><strong><em>τόπῳ·</em></strong></span> <span class='ocrx_word' id='word_1_108' title='bbox 1110 1455 1150 1524; x_wconf 86' lang='grc' dir='ltr'><strong><em>τὸ</em></strong></span> <span class='ocrx_word' id='word_1_109' title='bbox 1172 1455 1211 1524; x_wconf 80' lang='grc' dir='ltr'><strong><em>δὲ</em></strong></span> <span class='ocrx_word' id='word_1_110' title='bbox 1233 1463 1325 1525; x_wconf 82' lang='grc' dir='ltr'><strong><em>κεῖσε</em></strong></span> <span class='ocrx_word' id='word_1_111' title='bbox 1344 1453 1388 1537; x_wconf 83' lang='grc' dir='ltr'><strong><em>είς</em></strong></span> 
     </span>
     <span class='ocr_line' id='line_1_12' title="bbox 217 1556 1387 1649; baseline 0.004 -19"><span class='ocrx_word' id='word_1_112' title='bbox 217 1563 416 1633; x_wconf 81' lang='grc' dir='ltr'><strong><em>ἐκεῖνοντὸν</em></strong></span> <span class='ocrx_word' id='word_1_113' title='bbox 436 1556 542 1630; x_wconf 88' lang='grc' dir='ltr'><strong><em>τόπον</em></strong></span> <span class='ocrx_word' id='word_1_114' title='bbox 563 1559 786 1646; x_wconf 78' lang='grc' dir='ltr'><strong><em>πορεύσομαι,</em></strong></span> <span class='ocrx_word' id='word_1_115' title='bbox 812 1559 895 1645; x_wconf 85' lang='grc' dir='ltr'><strong><em>ὅπερ</em></strong></span> <span class='ocrx_word' id='word_1_116' title='bbox 917 1566 971 1628; x_wconf 79' lang='grc' dir='ltr'><strong><em>νῦν</em></strong></span> <span class='ocrx_word' id='word_1_117' title='bbox 992 1557 1141 1649; x_wconf 79' lang='grc' dir='ltr'><strong><em>ἁρμόζει.</em></strong></span> <span class='ocrx_word' id='word_1_118' title='bbox 1183 1567 1293 1646; x_wconf 85' lang='lat' dir='ltr'>Quam</span> <span class='ocrx_word' id='word_1_119' title='bbox 1313 1592 1387 1635; x_wconf 86' lang='lat' dir='ltr'>con-</span> 
     </span>
     <span class='ocr_line' id='line_1_13' title="bbox 217 1672 1386 1758; baseline 0.002 -18"><span class='ocrx_word' id='word_1_120' title='bbox 217 1675 377 1740; x_wconf 85' lang='lat' dir='ltr'>fusionem</span> <span class='ocrx_word' id='word_1_121' title='bbox 412 1674 446 1737; x_wconf 92' lang='lat' dir='ltr'><strong><em>in</em></strong></span> <span class='ocrx_word' id='word_1_122' title='bbox 475 1673 537 1738; x_wconf 91' lang='lat' dir='ltr'><strong><em>hoc</em></strong></span> <span class='ocrx_word' id='word_1_123' title='bbox 565 1693 682 1758; x_wconf 81' lang='lat' dir='ltr'>genere</span> <span class='ocrx_word' id='word_1_124' title='bbox 708 1672 886 1738; x_wconf 88' lang='lat' dir='ltr'><strong>Homerum</strong></span> <span class='ocrx_word' id='word_1_125' title='bbox 914 1673 1026 1738; x_wconf 87' lang='lat' dir='ltr'>decere</span> <span class='ocrx_word' id='word_1_126' title='bbox 1054 1675 1241 1758; x_wconf 86' lang='lat' dir='ltr'>putaverint</span> <span class='ocrx_word' id='word_1_127' title='bbox 1265 1676 1386 1742; x_wconf 87' lang='lat' dir='ltr'>nullum</span> 
     </span>
     <span class='ocr_line' id='line_1_14' title="bbox 217 1779 1387 1867; baseline 0 -19"><span class='ocrx_word' id='word_1_128' title='bbox 217 1782 332 1848; x_wconf 87' lang='lat' dir='ltr'>melius</span> <span class='ocrx_word' id='word_1_129' title='bbox 347 1781 527 1865; x_wconf 87' lang='lat' dir='ltr'>exemplum</span> <span class='ocrx_word' id='word_1_130' title='bbox 542 1803 639 1865; x_wconf 91' lang='lat' dir='ltr'>quam</span> <span class='ocrx_word' id='word_1_131' title='bbox 654 1780 741 1864; x_wconf 89' lang='lat' dir='ltr'>quod</span> <span class='ocrx_word' id='word_1_132' title='bbox 755 1781 887 1845; x_wconf 87' lang='lat' dir='ltr'>fuerunt</span> <span class='ocrx_word' id='word_1_133' title='bbox 901 1779 997 1861; x_wconf 80' lang='lat' dir='ltr'>(sicut</span> <span class='ocrx_word' id='word_1_134' title='bbox 1012 1781 1222 1866; x_wconf 78' lang='lat' dir='ltr'>Chrysippus)</span> <span class='ocrx_word' id='word_1_135' title='bbox 1238 1783 1297 1867; x_wconf 91' lang='lat' dir='ltr'><strong><em>qui</em></strong></span> <span class='ocrx_word' id='word_1_136' title='bbox 1310 1783 1387 1848; x_wconf 86' lang='lat' dir='ltr'>illud</span> 
     </span>
     <span class='ocr_line' id='line_1_15' title="bbox 154 1879 1132 1974; baseline -0.013 -13"><span class='ocrx_word' id='word_1_137' title='bbox 154 1911 201 1960; x_wconf 79' lang='lat'><strong><em>135</em></strong></span> <span class='ocrx_word' id='word_1_138' title='bbox 302 1881 341 1954; x_wconf 79' lang='grc' dir='ltr'><strong><em>οὗ</em></strong></span> <span class='ocrx_word' id='word_1_139' title='bbox 364 1885 426 1973; x_wconf 83' lang='grc' dir='ltr'><strong><em>γὰρ</em></strong></span> <span class='ocrx_word' id='word_1_140' title='bbox 448 1883 511 1970; x_wconf 83' lang='grc' dir='ltr'><strong><em>ε’γώ</em></strong></span> <span class='ocrx_word' id='word_1_141' title='bbox 536 1883 659 1970; x_wconf 83' lang='grc' dir='ltr'><strong><em>Τρώων</em></strong></span> <span class='ocrx_word' id='word_1_142' title='bbox 680 1880 765 1951; x_wconf 73' lang='grc' dir='ltr'><strong><em>ἕνεκ’</em></strong></span> <span class='ocrx_word' id='word_1_143' title='bbox 789 1879 922 1973; x_wconf 74' lang='grc' dir='ltr'><strong><em>ἤλυθον</em></strong></span> <span class='ocrx_word' id='word_1_144' title='bbox 944 1881 1132 1974; x_wconf 82' lang='grc' dir='ltr'><strong><em>αἰχμητάων</em></strong></span> 
     </span>
     <span class='ocr_line' id='line_1_16' title="bbox 300 1989 702 2083; baseline -0.005 -23"><span class='ocrx_word' id='word_1_145' title='bbox 300 1995 397 2083; x_wconf 79' lang='grc' dir='ltr'><strong><em>δεῦρο</em></strong></span> <span class='ocrx_word' id='word_1_146' title='bbox 416 1989 646 2081; x_wconf 85' lang='grc' dir='ltr'><strong><em>μαχησόμενος</em></strong></span> <span class='ocrx_word' id='word_1_147' title='bbox 663 2037 702 2047; x_wconf 92' lang='lat'>-</span> 
     </span>
     <span class='ocr_line' id='line_1_17' title="bbox 217 2103 1387 2191; baseline 0.003 -22"><span class='ocrx_word' id='word_1_148' title='bbox 217 2107 268 2188; x_wconf 89' lang='lat' dir='ltr'><strong><em>(A</em></strong></span> <span class='ocrx_word' id='word_1_149' title='bbox 296 2107 368 2186; x_wconf 84' lang='lat'>152)</span> <span class='ocrx_word' id='word_1_150' title='bbox 394 2104 590 2188; x_wconf 82' lang='lat' dir='ltr'>explicarent</span> <span class='ocrx_word' id='word_1_151' title='bbox 614 2103 688 2183; x_wconf 73' lang='lat' dir='ltr'><strong><em>„hic</em></strong></span> <span class='ocrx_word' id='word_1_152' title='bbox 713 2104 953 2188; x_wconf 80' lang='lat' dir='ltr'>proeliaturus“.</span> <span class='ocrx_word' id='word_1_153' title='bbox 1001 2104 1141 2170; x_wconf 78' lang='lat' dir='ltr'>Zonaras</span> <span class='ocrx_word' id='word_1_154' title='bbox 1167 2129 1198 2191; x_wconf 93' lang='lat' dir='ltr'><strong><em>p.</em></strong></span> <span class='ocrx_word' id='word_1_155' title='bbox 1224 2114 1297 2176; x_wconf 81' lang='grc'>491.</span> <span class='ocrx_word' id='word_1_156' title='bbox 1337 2108 1387 2174; x_wconf 78' lang='lat' dir='ltr'><strong><em>Et</em></strong></span> 
     </span>
     <span class='ocr_line' id='line_1_18' title="bbox 216 2211 1388 2291; baseline 0.003 -14"><span class='ocrx_word' id='word_1_157' title='bbox 216 2213 259 2277; x_wconf 91' lang='lat' dir='ltr'><strong><em>M.</em></strong></span> <span class='ocrx_word' id='word_1_158' title='bbox 274 2219 343 2291; x_wconf 84' lang='grc'>259,</span> <span class='ocrx_word' id='word_1_159' title='bbox 358 2219 387 2278; x_wconf 89' lang='grc'><strong><em>4.</em></strong></span> <span class='ocrx_word' id='word_1_160' title='bbox 405 2211 511 2278; x_wconf 86' lang='lat' dir='ltr'>Schol.</span> <span class='ocrx_word' id='word_1_161' title='bbox 528 2213 559 2277; x_wconf 93' lang='lat' dir='ltr'><strong><em>h.</em></strong></span> <span class='ocrx_word' id='word_1_162' title='bbox 574 2212 593 2277; x_wconf 83' lang='lat'>1</span> <span class='ocrx_word' id='word_1_163' title='bbox 622 2211 710 2290; x_wconf 83' lang='lat' dir='ltr'>Quos</span> <span class='ocrx_word' id='word_1_164' title='bbox 729 2211 815 2276; x_wconf 88' lang='lat' dir='ltr'>haud</span> <span class='ocrx_word' id='word_1_165' title='bbox 829 2213 896 2278; x_wconf 85' lang='lat' dir='ltr'>veri</span> <span class='ocrx_word' id='word_1_166' title='bbox 913 2213 1066 2278; x_wconf 84' lang='lat' dir='ltr'>dissimile</span> <span class='ocrx_word' id='word_1_167' title='bbox 1081 2216 1130 2278; x_wconf 86' lang='lat' dir='ltr'><strong><em>eet</em></strong></span> <span class='ocrx_word' id='word_1_168' title='bbox 1144 2233 1282 2280; x_wconf 87' lang='lat' dir='ltr'>causam.</span> <span class='ocrx_word' id='word_1_169' title='bbox 1297 2238 1388 2281; x_wconf 86' lang='lat' dir='ltr'>snam</span> 
     </span>
     <span class='ocr_line' id='line_1_19' title="bbox 217 2313 1387 2405; baseline 0 -21"><span class='ocrx_word' id='word_1_170' title='bbox 217 2319 400 2385; x_wconf 84' lang='lat' dir='ltr'>sublevasse</span> <span class='ocrx_word' id='word_1_171' title='bbox 423 2341 461 2384; x_wconf 87' lang='lat' dir='ltr'><strong><em>eo</em></strong></span> <span class='ocrx_word' id='word_1_172' title='bbox 482 2320 554 2384; x_wconf 87' lang='lat' dir='ltr'>loco</span> <span class='ocrx_word' id='word_1_173' title='bbox 576 2342 672 2404; x_wconf 86' lang='lat' dir='ltr'>quern</span> <span class='ocrx_word' id='word_1_174' title='bbox 694 2319 734 2383; x_wconf 86' lang='lat' dir='ltr'>ab</span> <span class='ocrx_word' id='word_1_175' title='bbox 755 2320 848 2385; x_wconf 91' lang='lat' dir='ltr'>initio</span> <span class='ocrx_word' id='word_1_176' title='bbox 869 2321 1051 2405; x_wconf 88' lang='lat' dir='ltr'>posuimus,</span> <span class='ocrx_word' id='word_1_177' title='bbox 1078 2316 1136 2384; x_wconf 82' lang='grc' dir='ltr'><strong><em>καί</em></strong></span> <span class='ocrx_word' id='word_1_178' title='bbox 1156 2313 1237 2384; x_wconf 80' lang='grc' dir='ltr'><strong><em>εἴσω</em></strong></span> <span class='ocrx_word' id='word_1_179' title='bbox 1260 2313 1387 2404; x_wconf 85' lang='grc' dir='ltr'><strong><em>δόρπον</em></strong></span> 
     </span>
     <span class='ocr_line' id='line_1_20' title="bbox 218 2423 1388 2515; baseline 0.003 -23"><span class='ocrx_word' id='word_1_180' title='bbox 218 2423 367 2507; x_wconf 76' lang='grc' dir='ltr'><strong><em>ἐκόσμει,</em></strong></span> <span class='ocrx_word' id='word_1_181' title='bbox 391 2427 443 2492; x_wconf 84' lang='lat' dir='ltr'><strong><em>vel</em></strong></span> <span class='ocrx_word' id='word_1_182' title='bbox 465 2427 621 2493; x_wconf 85' lang='lat' dir='ltr'>similibus</span> <span class='ocrx_word' id='word_1_183' title='bbox 643 2431 684 2510; x_wconf 86' lang='lat' dir='ltr'><strong><em>(v.</em></strong></span> <span class='ocrx_word' id='word_1_184' title='bbox 707 2428 808 2493; x_wconf 89' lang='lat' dir='ltr'>schol.</span> <span class='ocrx_word' id='word_1_185' title='bbox 829 2433 867 2492; x_wconf 92' lang='lat' dir='ltr'><em>A</em></span> <span class='ocrx_word' id='word_1_186' title='bbox 890 2432 975 2511; x_wconf 89' lang='grc'>152),</span> <span class='ocrx_word' id='word_1_187' title='bbox 1003 2450 1085 2512; x_wconf 87' lang='lat' dir='ltr'>quos</span> <span class='ocrx_word' id='word_1_188' title='bbox 1106 2428 1222 2515; x_wconf 78' lang='lat' dir='ltr'>pingui</span> <span class='ocrx_word' id='word_1_189' title='bbox 1242 2428 1388 2495; x_wconf 80' lang='lat' dir='ltr'>Minerva</span> 
     </span>
     <span class='ocr_line' id='line_1_21' title="bbox 216 2528 1386 2621; baseline 0.002 -21"><span class='ocrx_word' id='word_1_190' title='bbox 216 2537 512 2620; x_wconf 77' lang='lat' dir='ltr'>interpretarentur.</span> <span class='ocrx_word' id='word_1_191' title='bbox 552 2534 638 2601; x_wconf 86' lang='lat' dir='ltr'>Plut.</span> <span class='ocrx_word' id='word_1_192' title='bbox 658 2557 746 2621; x_wconf 90' lang='lat' dir='ltr'>poes.</span> <span class='ocrx_word' id='word_1_193' title='bbox 768 2535 863 2600; x_wconf 91' lang='lat' dir='ltr'>Hom.</span> <span class='ocrx_word' id='word_1_194' title='bbox 885 2529 917 2616; x_wconf 82' lang='grc' dir='ltr'><strong><em>β’</em></strong></span> <span class='ocrx_word' id='word_1_195' title='bbox 939 2541 980 2603; x_wconf 84' lang='grc'><strong><em>63</em></strong></span> <span class='ocrx_word' id='word_1_196' title='bbox 1001 2532 1060 2600; x_wconf 82' lang='grc' dir='ltr'><strong><em>καί</em></strong></span> <span class='ocrx_word' id='word_1_197' title='bbox 1081 2528 1292 2620; x_wconf 78' lang='grc' dir='ltr'><strong><em>ἒπιρρήματά</em></strong></span> <span class='ocrx_word' id='word_1_198' title='bbox 1313 2560 1386 2602; x_wconf 88' lang='grc' dir='ltr'><strong><em>τινα</em></strong></span> 
     </span>
     <span class='ocr_line' id='line_1_22' title="bbox 217 2635 1387 2728; baseline 0.003 -21"><span class='ocrx_word' id='word_1_199' title='bbox 217 2637 412 2708; x_wconf 84' lang='grc' dir='ltr'><strong><em>εὐαλλόσσει</em></strong></span> <span class='ocrx_word' id='word_1_200' title='bbox 429 2645 500 2720; x_wconf 85' lang='grc' dir='ltr'><strong><em>τοῖς</em></strong></span> <span class='ocrx_word' id='word_1_201' title='bbox 521 2637 569 2720; x_wconf 86' lang='grc' dir='ltr'><strong><em>εἷς</em></strong></span> <span class='ocrx_word' id='word_1_202' title='bbox 587 2637 693 2709; x_wconf 86' lang='grc' dir='ltr'><strong><em>τόπον</em></strong></span> <span class='ocrx_word' id='word_1_203' title='bbox 713 2639 770 2707; x_wconf 87' lang='grc' dir='ltr'><strong><em>καί</em></strong></span> <span class='ocrx_word' id='word_1_204' title='bbox 791 2644 861 2719; x_wconf 89' lang='grc' dir='ltr'><strong><em>τοῖς</em></strong></span> <span class='ocrx_word' id='word_1_205' title='bbox 882 2638 916 2706; x_wconf 83' lang='grc' dir='ltr'><strong><em>ἒν</em></strong></span> <span class='ocrx_word' id='word_1_206' title='bbox 936 2635 1031 2728; x_wconf 77' lang='grc' dir='ltr'><strong><em>τόπῳ</em></strong></span> <span class='ocrx_word' id='word_1_207' title='bbox 1050 2640 1107 2708; x_wconf 86' lang='grc' dir='ltr'><strong><em>καί</em></strong></span> <span class='ocrx_word' id='word_1_208' title='bbox 1127 2644 1198 2720; x_wconf 84' lang='grc' dir='ltr'><strong><em>τοῖς</em></strong></span> <span class='ocrx_word' id='word_1_209' title='bbox 1218 2639 1256 2708; x_wconf 80' lang='grc' dir='ltr'><strong><em>ἐκ</em></strong></span> <span class='ocrx_word' id='word_1_210' title='bbox 1279 2639 1387 2712; x_wconf 93' lang='grc' dir='ltr'><strong><em>τόπου</em></strong></span> 
     </span>
     <span class='ocr_line' id='line_1_23' title="bbox 217 2743 1385 2837; baseline 0.002 -21"><span class='ocrx_word' id='word_1_211' title='bbox 217 2744 414 2837; x_wconf 79' lang='grc' dir='ltr'><strong><em>ἀδιαφόρως</em></strong></span> <span class='ocrx_word' id='word_1_212' title='bbox 433 2743 610 2835; x_wconf 85' lang='grc' dir='ltr'><strong><em>χρώμενος,</em></strong></span> <span class='ocrx_word' id='word_1_213' title='bbox 634 2745 700 2830; x_wconf 77' lang='lat' dir='ltr'><strong><em>„oi</em></strong></span> <span class='ocrx_word' id='word_1_214' title='bbox 720 2743 752 2816; x_wconf 74' lang='grc' dir='ltr'><strong><em>δ’</em></strong></span> <span class='ocrx_word' id='word_1_215' title='bbox 776 2744 905 2835; x_wconf 72' lang='lat' dir='ltr'>&lt;cirenei</span> <span class='ocrx_word' id='word_1_216' title='bbox 920 2743 952 2813; x_wconf 80' lang='grc' dir='ltr'><strong><em>δ’</em></strong></span> <span class='ocrx_word' id='word_1_217' title='bbox 969 2750 1060 2836; x_wconf 88' lang='lat' dir='ltr'>libri&gt;</span> <span class='ocrx_word' id='word_1_218' title='bbox 1082 2744 1246 2834; x_wconf 78' lang='grc' dir='ltr'><strong><em>ἑτέρωσε</em></strong></span> <span class='ocrx_word' id='word_1_219' title='bbox 1269 2744 1385 2818; x_wconf 76' lang='grc' dir='ltr'><strong><em>κάδε-</em></strong></span> 
     </span>
     <span class='ocr_line' id='line_1_24' title="bbox 218 2851 1387 2944; baseline 0.001 -22"><span class='ocrx_word' id='word_1_220' title='bbox 218 2858 306 2940; x_wconf 56' lang='grc' dir='ltr'><strong><em>ζουίῑ</em></strong></span> <span class='ocrx_word' id='word_1_221' title='bbox 340 2863 384 2943; x_wconf 87' lang='grc' dir='ltr'><strong><em>(Υ</em></strong></span> <span class='ocrx_word' id='word_1_222' title='bbox 411 2862 481 2941; x_wconf 88' lang='grc'>151)</span> <span class='ocrx_word' id='word_1_223' title='bbox 514 2851 600 2923; x_wconf 80' lang='grc' dir='ltr'><strong><em>ἀντὶ</em></strong></span> <span class='ocrx_word' id='word_1_224' title='bbox 630 2860 699 2924; x_wconf 83' lang='grc' dir='ltr'><strong><em>τοῦ</em></strong></span> <span class='ocrx_word' id='word_1_225' title='bbox 730 2852 912 2941; x_wconf 75' lang='grc' dir='ltr'><strong><em>ἑτέρωθι·</em></strong></span> <span class='ocrx_word' id='word_1_226' title='bbox 943 2857 1000 2922; x_wconf 85' lang='grc' dir='ltr'><strong><em>καί</em></strong></span> <span class='ocrx_word' id='word_1_227' title='bbox 1032 2851 1152 2936; x_wconf 82' lang='grc' dir='ltr'><strong><em>,,Αίάς</em></strong></span> <span class='ocrx_word' id='word_1_228' title='bbox 1177 2852 1210 2923; x_wconf 80' lang='grc' dir='ltr'><strong><em>δ’</em></strong></span> <span class='ocrx_word' id='word_1_229' title='bbox 1248 2855 1387 2944; x_wconf 74' lang='grc' dir='ltr'><strong><em>ἐγγύθεν</em></strong></span> 
     </span>
     <span class='ocr_line' id='line_1_25' title="bbox 216 2958 1388 3054; baseline 0.005 -24"><span class='ocrx_word' id='word_1_230' title='bbox 216 2958 349 3054; x_wconf 69' lang='grc' dir='ltr'><strong><em>ἦλθενι</em></strong></span> <span class='ocrx_word' id='word_1_231' title='bbox 364 2968 420 3053; x_wconf 83' lang='lat' dir='ltr'><strong><em>&lt;H</em></strong></span> <span class='ocrx_word' id='word_1_232' title='bbox 432 2966 508 3051; x_wconf 88' lang='grc'>219)</span> <span class='ocrx_word' id='word_1_233' title='bbox 524 2958 597 3030; x_wconf 80' lang='grc' dir='ltr'><strong><em>ἀντὶ</em></strong></span> <span class='ocrx_word' id='word_1_234' title='bbox 610 2968 669 3031; x_wconf 78' lang='grc' dir='ltr'><strong><em>τοῦ</em></strong></span> <span class='ocrx_word' id='word_1_235' title='bbox 683 2962 784 3050; x_wconf 73' lang='grc' dir='ltr'><strong><em>ε’γγός.</em></strong></span> <span class='ocrx_word' id='word_1_236' title='bbox 805 2966 900 3031; x_wconf 56' lang='lat' dir='ltr'>‘Haec</span> <span class='ocrx_word' id='word_1_237' title='bbox 914 2965 1065 3031; x_wconf 87' lang='lat' dir='ltr'>subtilius</span> <span class='ocrx_word' id='word_1_238' title='bbox 1079 2965 1262 3053; x_wconf 83' lang='lat' dir='ltr'>intelligere</span> <span class='ocrx_word' id='word_1_239' title='bbox 1277 2969 1388 3036; x_wconf 88' lang='lat' dir='ltr'>docuit</span> 
     </span>
     <span class='ocr_line' id='line_1_26' title="bbox 217 3074 1388 3153; baseline 0.002 -11"><span class='ocrx_word' id='word_1_240' title='bbox 217 3076 438 3142; x_wconf 83' lang='lat' dir='ltr'>Aristarchum</span> <span class='ocrx_word' id='word_1_241' title='bbox 465 3074 575 3140; x_wconf 88' lang='lat' dir='ltr'>iudicii</span> <span class='ocrx_word' id='word_1_242' title='bbox 605 3097 753 3153; x_wconf 83' lang='lat' dir='ltr'>acumen,</span> <span class='ocrx_word' id='word_1_243' title='bbox 779 3075 949 3139; x_wconf 85' lang='lat' dir='ltr'>accedente</span> <span class='ocrx_word' id='word_1_244' title='bbox 978 3077 1016 3138; x_wconf 86' lang='lat' dir='ltr'><strong><em>ut</em></strong></span> <span class='ocrx_word' id='word_1_245' title='bbox 1036 3074 1119 3140; x_wconf 87' lang='lat' dir='ltr'>solet</span> <span class='ocrx_word' id='word_1_246' title='bbox 1140 3080 1289 3142; x_wconf 86' lang='lat' dir='ltr'>accurata</span> <span class='ocrx_word' id='word_1_247' title='bbox 1310 3100 1388 3144; x_wconf 89' lang='lat' dir='ltr'>con·</span> 
     </span>
     <span class='ocr_line' id='line_1_27' title="bbox 134 3180 1387 3265; baseline 0.002 -17"><span class='ocrx_word' id='word_1_248' title='bbox 134 3196 206 3265; x_wconf 79' lang='lat'>(140)</span> <span class='ocrx_word' id='word_1_249' title='bbox 219 3182 397 3248; x_wconf 87' lang='lat' dir='ltr'>suetudinis</span> <span class='ocrx_word' id='word_1_250' title='bbox 422 3181 612 3246; x_wconf 84' lang='lat' dir='ltr'>Homericae</span> <span class='ocrx_word' id='word_1_251' title='bbox 643 3182 835 3264; x_wconf 87' lang='lat' dir='ltr'>cognitione.</span> <span class='ocrx_word' id='word_1_252' title='bbox 884 3180 1014 3247; x_wconf 84' lang='lat' dir='ltr'>Etenim</span> <span class='ocrx_word' id='word_1_253' title='bbox 1045 3203 1118 3247; x_wconf 90' lang='lat' dir='ltr'><strong><em>cum</em></strong></span> <span class='ocrx_word' id='word_1_254' title='bbox 1146 3180 1198 3247; x_wconf 86' lang='lat' dir='ltr'><strong><em>his</em></strong></span> <span class='ocrx_word' id='word_1_255' title='bbox 1228 3184 1387 3251; x_wconf 84' lang='lat' dir='ltr'>rationem</span> 
     </span>
     <span class='ocr_line' id='line_1_28' title="bbox 216 3280 1384 3378; baseline -0.001 -22"><span class='ocrx_word' id='word_1_256' title='bbox 216 3292 337 3356; x_wconf 85' lang='lat' dir='ltr'>habant</span> <span class='ocrx_word' id='word_1_257' title='bbox 363 3291 423 3354; x_wconf 88' lang='lat' dir='ltr'><strong><em>hae</em></strong></span> <span class='ocrx_word' id='word_1_258' title='bbox 447 3288 700 3354; x_wconf 81' lang='lat' dir='ltr'>observationes:</span> <span class='ocrx_word' id='word_1_259' title='bbox 731 3292 765 3352; x_wconf 89' lang='grc' dir='ltr'><em>Κ</em></span> <span class='ocrx_word' id='word_1_260' title='bbox 784 3294 845 3356; x_wconf 87' lang='grc'><strong><em>268</em></strong></span> <span class='ocrx_word' id='word_1_261' title='bbox 868 3281 1051 3352; x_wconf 80' lang='grc' dir='ltr'><strong><em>Σκάνδειαν</em></strong></span> <span class='ocrx_word' id='word_1_262' title='bbox 1074 3281 1105 3351; x_wconf 77' lang='grc' dir='ltr'><strong><em>δ’</em></strong></span> <span class='ocrx_word' id='word_1_263' title='bbox 1130 3280 1196 3373; x_wconf 84' lang='grc' dir='ltr'><strong><em>δίρα</em></strong></span> <span class='ocrx_word' id='word_1_264' title='bbox 1219 3288 1325 3356; x_wconf 69' lang='grc' dir='ltr'><strong><em>δῶκεν</em></strong></span> <span class='ocrx_word' id='word_1_265' title='bbox 1353 3287 1384 3378; x_wconf 78' lang='grc' dir='ltr'><strong><em>(ἡ</em></strong></span> 
     </span>
     <span class='ocr_line' id='line_1_29' title="bbox 217 3385 1388 3481; baseline 0.003 -21"><span class='ocrx_word' id='word_1_266' title='bbox 217 3395 336 3481; x_wconf 74' lang='grc' dir='ltr'><strong><em>διπλῆ)</em></strong></span> <span class='ocrx_word' id='word_1_267' title='bbox 358 3390 411 3460; x_wconf 84' lang='grc' dir='ltr'><strong><em>ὅτι</em></strong></span> <span class='ocrx_word' id='word_1_268' title='bbox 432 3389 536 3472; x_wconf 79' lang='grc' dir='ltr'><strong><em>οὕτως</em></strong></span> <span class='ocrx_word' id='word_1_269' title='bbox 554 3385 647 3458; x_wconf 77' lang='grc' dir='ltr'><strong><em>εἶπεν</em></strong></span> <span class='ocrx_word' id='word_1_270' title='bbox 668 3388 740 3459; x_wconf 82' lang='grc' dir='ltr'><strong><em>ἀντί</em></strong></span> <span class='ocrx_word' id='word_1_271' title='bbox 760 3397 820 3458; x_wconf 83' lang='grc' dir='ltr'><strong><em>τοῦ</em></strong></span> <span class='ocrx_word' id='word_1_272' title='bbox 842 3387 890 3472; x_wconf 84' lang='grc' dir='ltr'><strong><em>εἷς</em></strong></span> <span class='ocrx_word' id='word_1_273' title='bbox 910 3387 1099 3460; x_wconf 77' lang='grc' dir='ltr'><strong><em>Σκάνδειαν</em></strong></span> <span class='ocrx_word' id='word_1_274' title='bbox 1118 3389 1323 3477; x_wconf 80' lang='grc' dir='ltr'><strong><em>ἀπέστειλεν,</em></strong></span> <span class='ocrx_word' id='word_1_275' title='bbox 1344 3395 1388 3476; x_wconf 81' lang='grc' dir='ltr'><strong><em>ὡς</em></strong></span> 
     </span>
     <span class='ocr_line' id='line_1_30' title="bbox 216 3495 1387 3590; baseline 0.004 -23"><span class='ocrx_word' id='word_1_276' title='bbox 216 3498 384 3587; x_wconf 63' lang='grc' dir='ltr'><strong><em>,πείθετο</em></strong></span> <span class='ocrx_word' id='word_1_277' title='bbox 406 3499 468 3586; x_wconf 83' lang='grc' dir='ltr'><strong><em>γὰρ</em></strong></span> <span class='ocrx_word' id='word_1_278' title='bbox 483 3498 685 3585; x_wconf 57' lang='grc' dir='ltr'><strong><em>Κόπρονδαῑ</em></strong></span> <span class='ocrx_word' id='word_1_279' title='bbox 708 3504 760 3584; x_wconf 90' lang='lat' dir='ltr'><strong><em>(A</em></strong></span> <span class='ocrx_word' id='word_1_280' title='bbox 774 3506 827 3587; x_wconf 89' lang='grc'><strong><em>21)</em></strong></span> <span class='ocrx_word' id='word_1_281' title='bbox 849 3495 921 3567; x_wconf 79' lang='grc' dir='ltr'><strong><em>ἄντί</em></strong></span> <span class='ocrx_word' id='word_1_282' title='bbox 941 3507 1000 3569; x_wconf 85' lang='grc' dir='ltr'><strong><em>τοῦ</em></strong></span> <span class='ocrx_word' id='word_1_283' title='bbox 1021 3495 1069 3581; x_wconf 85' lang='grc' dir='ltr'><strong><em>είς</em></strong></span> <span class='ocrx_word' id='word_1_284' title='bbox 1084 3496 1225 3587; x_wconf 82' lang='grc' dir='ltr'><strong><em>Κάπρον</em></strong></span> <span class='ocrx_word' id='word_1_285' title='bbox 1244 3498 1387 3590; x_wconf 76' lang='grc' dir='ltr'><strong><em>ἠκούετο</em></strong></span> 
     </span>
     <span class='ocr_line' id='line_1_31' title="bbox 217 3602 1385 3700; baseline 0.002 -25"><span class='ocrx_word' id='word_1_286' title='bbox 217 3610 274 3675; x_wconf 87' lang='grc' dir='ltr'><strong><em>διὰ</em></strong></span> <span class='ocrx_word' id='word_1_287' title='bbox 301 3608 338 3676; x_wconf 88' lang='grc' dir='ltr'><strong><em>τὸ</em></strong></span> <span class='ocrx_word' id='word_1_288' title='bbox 370 3606 631 3695; x_wconf 72' lang='grc' dir='ltr'><strong><em>διαγγέλλεσθαι</em></strong></span> <span class='ocrx_word' id='word_1_289' title='bbox 657 3605 694 3674; x_wconf 79' lang='grc' dir='ltr'><strong><em>ἐκ</em></strong></span> <span class='ocrx_word' id='word_1_290' title='bbox 719 3602 826 3676; x_wconf 90' lang='grc' dir='ltr'><strong><em>τόπου</em></strong></span> <span class='ocrx_word' id='word_1_291' title='bbox 853 3604 900 3686; x_wconf 88' lang='grc' dir='ltr'><strong><em>είς</em></strong></span> <span class='ocrx_word' id='word_1_292' title='bbox 926 3605 1041 3680; x_wconf 89' lang='grc' dir='ltr'><strong><em>τόπον,</em></strong></span> <span class='ocrx_word' id='word_1_293' title='bbox 1084 3615 1124 3676; x_wconf 91' lang='grc' dir='ltr'><em>Λ</em></span> <span class='ocrx_word' id='word_1_294' title='bbox 1144 3619 1183 3680; x_wconf 94' lang='grc'><strong><em>21</em></strong></span> <span class='ocrx_word' id='word_1_295' title='bbox 1207 3606 1240 3698; x_wconf 77' lang='grc' dir='ltr'><strong><em>(ἡ</em></strong></span> <span class='ocrx_word' id='word_1_296' title='bbox 1266 3611 1385 3700; x_wconf 75' lang='grc' dir='ltr'><strong><em>διπλῇ)</em></strong></span> 
     </span>
     <span class='ocr_line' id='line_1_32' title="bbox 217 3710 1388 3805; baseline 0.002 -20"><span class='ocrx_word' id='word_1_297' title='bbox 217 3714 270 3785; x_wconf 84' lang='grc' dir='ltr'><strong><em>ότι</em></strong></span> <span class='ocrx_word' id='word_1_298' title='bbox 296 3714 400 3795; x_wconf 75' lang='grc' dir='ltr'><strong><em>οὕτως</em></strong></span> <span class='ocrx_word' id='word_1_299' title='bbox 424 3711 552 3805; x_wconf 82' lang='grc' dir='ltr'><strong><em>εἴρηκεν</em></strong></span> <span class='ocrx_word' id='word_1_300' title='bbox 580 3710 627 3794; x_wconf 88' lang='grc' dir='ltr'><strong><em>είς</em></strong></span> <span class='ocrx_word' id='word_1_301' title='bbox 652 3710 791 3802; x_wconf 84' lang='grc' dir='ltr'><strong><em>Κόπρον</em></strong></span> <span class='ocrx_word' id='word_1_302' title='bbox 820 3711 959 3804; x_wconf 74' lang='grc' dir='ltr'><strong><em>ἠκούετο</em></strong></span> <span class='ocrx_word' id='word_1_303' title='bbox 988 3716 1045 3784; x_wconf 83' lang='grc' dir='ltr'><strong><em>διὰ</em></strong></span> <span class='ocrx_word' id='word_1_304' title='bbox 1075 3717 1113 3785; x_wconf 90' lang='grc' dir='ltr'><strong><em>τὸ</em></strong></span> <span class='ocrx_word' id='word_1_305' title='bbox 1143 3713 1191 3798; x_wconf 86' lang='grc' dir='ltr'><strong><em>είς</em></strong></span> <span class='ocrx_word' id='word_1_306' title='bbox 1214 3712 1323 3787; x_wconf 89' lang='grc' dir='ltr'><strong><em>τόπον</em></strong></span> <span class='ocrx_word' id='word_1_307' title='bbox 1350 3719 1388 3787; x_wconf 74' lang='grc' dir='ltr'><strong><em>ἐκ</em></strong></span> 
     </span>
     <span class='ocr_line' id='line_1_33' title="bbox 215 3820 1385 3912; baseline 0.006 -22"><span class='ocrx_word' id='word_1_308' title='bbox 215 3820 324 3905; x_wconf 69' lang='grc' dir='ltr'><strong><em>τόπου,</em></strong></span> <span class='ocrx_word' id='word_1_309' title='bbox 344 3821 606 3910; x_wconf 74' lang='grc' dir='ltr'><strong><em>διαγγέλλεσθαι</em></strong></span> <span class='ocrx_word' id='word_1_310' title='bbox 628 3820 747 3907; x_wconf 80' lang='grc' dir='ltr'><strong><em>ὅμοιον</em></strong></span> <span class='ocrx_word' id='word_1_311' title='bbox 767 3828 815 3912; x_wconf 77' lang='grc' dir='ltr'><strong><em>τῷ</em></strong></span> <span class='ocrx_word' id='word_1_312' title='bbox 834 3820 1044 3904; x_wconf 78' lang='grc' dir='ltr'><strong><em>,,Σκοίνδειαν</em></strong></span> <span class='ocrx_word' id='word_1_313' title='bbox 1068 3820 1097 3891; x_wconf 80' lang='grc' dir='ltr'><strong><em>δ’</em></strong></span> <span class='ocrx_word' id='word_1_314' title='bbox 1122 3820 1188 3911; x_wconf 78' lang='grc' dir='ltr'><strong><em>όρα</em></strong></span> <span class='ocrx_word' id='word_1_315' title='bbox 1210 3826 1385 3897; x_wconf 61' lang='grc' dir='ltr'><strong><em>δῶκενΉῗ.</em></strong></span> 
     </span>
    </p>
   </div>
   <div class='ocr_carea' id='block_1_3' title="bbox 216 4036 1385 4451">
    <p class='ocr_par' dir='ltr' id='par_1_3' title="bbox 216 4036 1385 4199">
     <span class='ocr_line' id='line_1_34' title="bbox 283 4036 1385 4114; baseline 0.009 -18"><span class='ocrx_word' id='word_1_316' title='bbox 283 4047 327 4088; x_wconf 75' lang='lat'><strong><em>⁷6·</em></strong></span> <span class='ocrx_word' id='word_1_317' title='bbox 344 4044 451 4114; x_wconf 87' lang='lat' dir='ltr'>&lt;Verba</span> <span class='ocrx_word' id='word_1_318' title='bbox 469 4036 532 4098; x_wconf 74' lang='grc' dir='ltr'><strong><em>ἔστι</em></strong></span> <span class='ocrx_word' id='word_1_319' title='bbox 549 4042 581 4100; x_wconf 77' lang='grc' dir='ltr'><strong><em>δὲ</em></strong></span> <span class='ocrx_word' id='word_1_320' title='bbox 599 4037 665 4101; x_wconf 70' lang='lat' dir='ltr'>ciart</span> <span class='ocrx_word' id='word_1_321' title='bbox 682 4050 736 4101; x_wconf 85' lang='grc' dir='ltr'><strong><em>τοῦ</em></strong></span> <span class='ocrx_word' id='word_1_322' title='bbox 748 4038 843 4110; x_wconf 69' lang='grc' dir='ltr'><strong><em>οὕτως</em></strong></span> <span class='ocrx_word' id='word_1_323' title='bbox 859 4046 895 4100; x_wconf 88' lang='lat' dir='ltr'>ab</span> <span class='ocrx_word' id='word_1_324' title='bbox 914 4045 967 4102; x_wconf 91' lang='lat' dir='ltr'><strong><em>hoc</em></strong></span> <span class='ocrx_word' id='word_1_325' title='bbox 984 4046 1045 4102; x_wconf 88' lang='lat' dir='ltr'>lcco</span> <span class='ocrx_word' id='word_1_326' title='bbox 1063 4047 1155 4102; x_wconf 82' lang='lat' dir='ltr'>aliena</span> <span class='ocrx_word' id='word_1_327' title='bbox 1172 4052 1230 4103; x_wconf 86' lang='lat' dir='ltr'>ess&#39;e</span> <span class='ocrx_word' id='word_1_328' title='bbox 1247 4047 1385 4106; x_wconf 83' lang='lat' dir='ltr'>indicavit</span> 
     </span>
     <span class='ocr_line' id='line_1_35' title="bbox 216 4127 1079 4199; baseline -0.003 -15"><span class='ocrx_word' id='word_1_329' title='bbox 216 4128 414 4185; x_wconf 81' lang='lat' dir='ltr'>Friedlaender</span> <span class='ocrx_word' id='word_1_330' title='bbox 431 4127 551 4183; x_wconf 82' lang='lat' dir='ltr'>Ariston.</span> <span class='ocrx_word' id='word_1_331' title='bbox 569 4148 596 4199; x_wconf 92' lang='lat' dir='ltr'><strong><em>p.</em></strong></span> <span class='ocrx_word' id='word_1_332' title='bbox 614 4131 687 4198; x_wconf 87' lang='grc'>212.)</span> <span class='ocrx_word' id='word_1_333' title='bbox 1074 4172 1079 4181; x_wconf 79' lang='grc'>,</span> 
     </span>
    </p>

    <p class='ocr_par' dir='ltr' id='par_1_4' title="bbox 217 4205 1384 4451">
     <span class='ocr_line' id='line_1_36' title="bbox 283 4205 1383 4286; baseline 0.007 -19"><span class='ocrx_word' id='word_1_334' title='bbox 283 4216 309 4256; x_wconf 75' lang='lat'><strong><em>⁷⁷</em></strong></span> <span class='ocrx_word' id='word_1_335' title='bbox 343 4212 383 4268; x_wconf 83' lang='lat' dir='ltr'><strong><em>cf.</em></strong></span> <span class='ocrx_word' id='word_1_336' title='bbox 396 4211 507 4270; x_wconf 87' lang='lat' dir='ltr'>Hesind.</span> <span class='ocrx_word' id='word_1_337' title='bbox 520 4213 570 4284; x_wconf 88' lang='lat' dir='ltr'><strong><em>Op.</em></strong></span> <span class='ocrx_word' id='word_1_338' title='bbox 587 4217 634 4270; x_wconf 87' lang='grc'><strong><em>611</em></strong></span> <span class='ocrx_word' id='word_1_339' title='bbox 650 4205 799 4284; x_wconf 82' lang='grc' dir='ltr'><strong><em>άκόδρενιε</em></strong></span> <span class='ocrx_word' id='word_1_340' title='bbox 817 4209 1049 4286; x_wconf 74' lang='grc' dir='ltr'><strong><em>σίκαδεβότρυς.</em></strong></span> <span class='ocrx_word' id='word_1_341' title='bbox 1081 4214 1119 4270; x_wconf 84' lang='lat' dir='ltr'><strong><em>Et</em></strong></span> <span class='ocrx_word' id='word_1_342' title='bbox 1133 4217 1215 4271; x_wconf 85' lang='lat' dir='ltr'>haec:</span> <span class='ocrx_word' id='word_1_343' title='bbox 1231 4208 1271 4272; x_wconf 72' lang='grc' dir='ltr'><strong><em>ἵν’</em></strong></span> <span class='ocrx_word' id='word_1_344' title='bbox 1282 4213 1383 4275; x_wconf 82' lang='grc' dir='ltr'><strong><em>οἴκαδε</em></strong></span> 
     </span>
     <span class='ocr_line' id='line_1_37' title="bbox 218 4289 1384 4379; baseline 0.005 -25"><span class='ocrx_word' id='word_1_345' title='bbox 218 4296 323 4369; x_wconf 76' lang='grc' dir='ltr'><strong><em>κέρδος</em></strong></span> <span class='ocrx_word' id='word_1_346' title='bbox 341 4289 427 4369; x_wconf 79' lang='grc' dir='ltr'><strong><em>ἄρηαι</em></strong></span> <span class='ocrx_word' id='word_1_347' title='bbox 444 4300 502 4355; x_wconf 84' lang='grc'>632.</span> <span class='ocrx_word' id='word_1_348' title='bbox 531 4296 624 4354; x_wconf 80' lang='grc' dir='ltr'><strong><em>πολὺν</em></strong></span> <span class='ocrx_word' id='word_1_349' title='bbox 641 4299 694 4357; x_wconf 84' lang='grc' dir='ltr'><strong><em>σὺν</em></strong></span> <span class='ocrx_word' id='word_1_350' title='bbox 711 4297 783 4356; x_wconf 81' lang='grc' dir='ltr'><strong><em>λαὸν</em></strong></span> <span class='ocrx_word' id='word_1_351' title='bbox 798 4292 920 4369; x_wconf 74' lang='grc' dir='ltr'><strong><em>ἄγειραν</em></strong></span> <span class='ocrx_word' id='word_1_352' title='bbox 936 4290 1068 4365; x_wconf 76' lang='grc' dir='ltr'><strong><em>Ἑλλάδος</em></strong></span> <span class='ocrx_word' id='word_1_353' title='bbox 1084 4297 1116 4366; x_wconf 78' lang='grc' dir='ltr'><strong><em>ἐξ</em></strong></span> <span class='ocrx_word' id='word_1_354' title='bbox 1135 4297 1216 4374; x_wconf 74' lang='grc' dir='ltr'><strong><em>ἱερῆς</em></strong></span> <span class='ocrx_word' id='word_1_355' title='bbox 1231 4301 1337 4379; x_wconf 78' lang='grc' dir='ltr'><strong><em>Τροίην</em></strong></span> <span class='ocrx_word' id='word_1_356' title='bbox 1353 4300 1384 4368; x_wconf 80' lang='grc' dir='ltr'><strong><em>ἐς</em></strong></span> 
     </span>
     <span class='ocr_line' id='line_1_38' title="bbox 217 4381 604 4451; baseline 0.003 -13"><span class='ocrx_word' id='word_1_357' title='bbox 217 4381 424 4451; x_wconf 77' lang='grc' dir='ltr'><strong><em>καλλιγύναικα</em></strong></span> <span class='ocrx_word' id='word_1_358' title='bbox 440 4385 497 4440; x_wconf 78' lang='grc'>653.</span> <span class='ocrx_word' id='word_1_359' title='bbox 601 4434 604 4439; x_wconf 94' lang='grc'><em>.</em></span> 
     </span>
    </p>
   </div>
   <div class='ocr_carea' id='block_1_4' title="bbox 0 0 1508 4980">
    <p class='ocr_par' dir='ltr' id='par_1_5' title="bbox 0 0 1508 4980">
     <span class='ocr_line' id='line_1_39' title="bbox 0 0 1508 4980; baseline 0 1"><span class='ocrx_word' id='word_1_360' title='bbox 0 0 1508 4980; x_wconf 95' lang='lat' dir='ltr'><strong><em> </em></strong></span> 
     </span>
    </p>
   </div>
  </div>
 </body>
</html>
