3008 4980
610 227 632 277 1.
656 221 697 276 De
714 219 883 277 accentibus.
1247 228 1306 291 269

137 389 258 454 dictum
280 395 372 468 esse).
413 388 654 456 scholium.
693 389 785 457 Eust.
813 390 855 455 ib.
884 411 916 473 p.
938 393 1052 466 896,7
1074 381 1092 451 ὃ
1120 382 1156 452 δὲ
1178 382 1308 465 Ῥοδίος

136 491 289 576 ποταμὸς
317 488 550 581 παροξυτόνως
573 491 781 583 προφέρεται
811 490 856 572 ὡς
884 487 1036 571 ὃὈδίος
1057 490 1113 558 καὶ
1138 489 1156 558 ὁ
1180 489 1308 572 Δολίος

136 599 195 667 καὶ
215 596 234 666 ὃ
259 597 379 682 Τυχίος
399 598 456 667 καὶ
476 600 517 666 τὰ
541 597 644 684 ὅμοια
664 598 841 688 τριβρόχεα
862 595 969 686 κόρια.

217 708 286 774 Iam
307 711 459 777 siveram
482 715 531 776 est
552 712 640 795 quod
654 711 835 776 Koehlerus
850 711 960 776 docuit
973 711 1008 786 in
1021 709 1202 796 Boettigeri
1222 710 1306 775 libro

137 819 192 903 qui
213 818 399 883 inscribitur
419 817 655 905 Archaeologie
678 842 708 885 4.
727 820 835 884 Κ4441
855 817 871 882 I
895 827 910 886 1
933 841 963 902 p.
979 824 1018 885 49
1040 839 1159 882 nomen
1177 809 1308 903 Ἀμφο-

134 947 228 1008 τερος
254 927 478 991 tantummodo
505 927 681 1010 mythicum
708 949 777 992 esse
803 930 836 991 et
857 930 970 1010 postea
991 924 1184 1002 abolevisse,
1214 924 1307 989 facile

136 1033 382 1099 concederemus
403 1034 625 1099 Aristarchum
648 1055 779 1100 errasse.
814 1033 876 1098 Est
897 1036 1005 1098 autem
1026 1032 1173 1096 universe
1195 1031 1305 1097 Koch-

134 1140 192 1206 leri
215 1139 323 1225 opinio
346 1141 387 1225 (p.
409 1145 461 1226 24)
482 1141 621 1206 Graecos
644 1141 776 1206 omnino
798 1144 942 1206 veterum
963 1139 1098 1204 heroum
1120 1138 1304 1204 nominibus
1318 1134 1389 1203 (282)

137 1251 250 1332 postea
272 1269 338 1312 non
360 1270 437 1314 usos
459 1271 538 1315 esse.
575 1247 627 1314 Ne
640 1252 776 1313 'utemur
797 1248 927 1332 quidem
941 1232 1102 1311 Athenaei
1123 1246 1306 1311 narratione

137 1378 167 1440 p.
181 1354 267 1423 251(1
289 1358 384 1439 (quae
404 1361 533 1441 recepta
548 1360 597 1420 441
618 1357 658 1420 ab
672 1355 844 1421 Eustathio
866 1379 896 1439 p.
914 1361 1001 1436 1713,
1023 1357 1075 1435 47)
1096 1353 1307 1438 Euphantum

137 1461 239 1528 Ulixis
267 1462 374 1527 studio
401 1467 434 1528 41
460 1464 672 1529 admiratione
702 1463 821 1528 liberos
849 1483 925 1527 suos
946 1461 1129 1527 Anticleam
1157 1465 1189 1526 41
1211 1460 1306 1526 Tele·

138 1591 260 1656 genum
280 1571 479 1639 nominasse:
508 1572 594 1655 quod
620 1570 755 1635 fortasse
776 1573 813 1634 ut
835 1569 996 1655 singulare
1017 1573 1195 1653 respuetur.
1237 1567 1306 1633 Nec

138 1676 209 1741 aliis
223 1677 258 1741 in
274 1678 391 1760 quibus
406 1679 568 1763 singulare
585 1679 746 1761 quoddam
765 1678 826 1743 etsi
847 1677 997 1763 ignotum
1019 1676 1114 1741 nobis
1136 1675 1307 1741 consilium

136 1784 188 1849 vel
208 1783 343 1850 fortasse
365 1786 455 1852 iocus
481 1785 596 1862 valuit,
627 1789 665 1850 ut
685 1777 878 1869 ,Ἐτεοκλῆς
897 1779 1068 1870 Πολυνίκη
1093 1785 1141 1868 τῷ
1169 1775 1307 1868 ἀδελφῷ

137 1886 302 1978 σελλαρίῳ
316 1885 449 1978 μνη’μης
459 1888 592 1979 χάρινῑί,
607 1914 690 1977 quae
706 1895 754 1957 est
767 1891 934 1976 inscriptio
951 1893 1002 1973 (41
1016 1891 1172 1958 Boeclrhii
1186 1890 1305 1956 iudicio

136 1998 386 2084 haudquaquam
407 2000 527 2086 spuria)
550 2005 641 2069 3372.
680 1999 744 2067 seu
771 1999 925 2084 fugerunt
951 1999 1055 2064 virum
1085 1999 1306 2065 doctissimum

137 2105 325 2185 Menesthei,
346 2109 402 2190 qui
424 2112 500 2173 sunt
521 2108 606 2194 apud
626 2106 886 2186 Demosthenem,
907 2105 1003 2172 Iason
1023 2106 1203 2187 Pheraeus,
1222 2106 1307 2192 fugit

137 2209 306 2289 Σθένελος
326 2215 468 2299 tragicus
490 2215 707 2300 (Harpocrat,
727 2214 846 2280 Athen.
869 2220 930 2282 367
934 2214 961 2280 b,
994 2219 1103 2298 4284),
1128 2211 1307 2288 Μενέλαος

137 2321 227 2387 Dem.
247 2319 332 2387 Phil.
353 2319 421 2384 IT.
437 2320 484 2387 IV
504 2344 535 2406 p.
551 2330 600 2406 44,
622 2322 703 2387 alius
725 2322 899 2387 Alexandri
921 2322 1064 2408 aequalis
1085 2320 1307 2389 4111411539(1

138 2431 271 2507 411111,
299 2427 445 2506 Telamo,
476 2429 510 2493 in
532 2452 628 2513 quem
648 2429 761 2514 Lysiae
788 2430 890 2495 oratio
916 2429 979 2495 fuit
1005 2429 1116 2514 (Harp.
1139 2422 1304 2507 Εὐνεῖδαι,

137 2530 311 2619 κάθετος),
337 2531 476 2611 Ξοῦθος
496 2536 704 2602 Atheniensis
726 2536 818 2602 Dem.
842 2541 941 2604 contr.
963 2536 1092 2621 Aphob.
1115 2535 1152 2600 T.
1173 2535 1205 2602 V
1224 2540 1245 2618 ξ
1269 2545 1305 2603 11

137 2666 167 2729 p.
191 2649 250 2712 167
271 2642 326 2710 Β4.
353 2637 510 2726 Κραναός
536 2643 645 2708 144444
671 2643 812 2712 11144411.
837 2644 904 2711 her.
930 2668 961 2729 p.
986 2650 1025 2711 72
1046 2643 1102 2709 Β4.
1138 2644 1257 2711 Athen.
1278 2644 1308 2708 X

117 2735 123 2746 ’
140 2749 261 2821 41641.
299 2745 500 2836 Τηλέμαχος,
523 2751 608 2816 unde
622 2751 828 2835 proverbium
845 2747 1038 2837 Τηλεμάχου
1052 2744 1166 2832 χύτρα,
1191 2751 1308 2816 Athen.

137 2858 181 2927 IX
194 2856 289 2929 46711.
326 2856 421 2923 Α1144
436 2858 648 2925 Telemachus
664 2858 885 2941 (Atheniensis
907 2863 943 2924 ut
965 2860 1102 2941 videtur)
1124 2856 1222 2923 Inscr.
1237 2859 1306 2925 Att.

138 2989 169 3034 n.
197 2973 256 3034 156
287 2967 318 3047 (ἓ
341 2969 403 3049 32).
441 2959 594 3054 Ἀμφίων
619 2965 828 3049 Thespiensis
855 2966 931 3032 Ath
957 2966 1033 3032 XIV
1059 2953 1150 3034 6294.
1188 2968 1308 3052 Ζῆθος

138 3074 302 3139 citharista
328 3071 402 3139 Ath.
431 3070 511 3139 VIII
536 3080 628 3142 3514.
678 3069 815 3159 Νέστωρ
846 3072 974 3140 Stoicus
1005 3072 1172 3139 Tarsensis
1201 3072 1306 3140 Strab.

137 3179 211 3247 XIV
236 3204 267 3266 p.
291 3186 351 3248 674
377 3183 410 3245 41
435 3181 646 3247 Academicus
674 3181 715 3246 ib.
738 3187 806 3248 675.
848 3177 974 3267 Πέλοψ
1003 3181 1160 3260 medicus,
1194 3180 1307 3247 Galerii

136 3291 337 3375 praeceptor,
359 3286 469 3354 Galen.
496 3289 534 3354 de
561 3290 634 3356 libr.
656 3310 763 3374 propr.
783 3311 814 3373 p.
840 3295 877 3356 17
899 3289 939 3357 Κ.
983 3286 1184 3374 Πατροκλῆς
1202 3288 1307 3354 histo·

137 3396 229 3475 ricus,
251 3419 277 3465 4.
300 3417 331 3481 g.
353 3394 459 3462 Strab.
475 3403 545 3465 568.
567 3403 637 3465 518.
675 3392 846 3472 Τάνταλος
867 3389 886 3461 ὁ
907 3391 1143 3482 Πατροκλέους
1163 3394 1306 3480 Thucyd.

136 3501 182 3569 IV
203 3511 252 3570 57.
283 3495 456 3582 Ἀχιλλεύς
474 3503 722 3570 Atheniensium
742 3503 869 3589 legatus
890 3503 931 3569 ad
944 3501 1165 3569 Alexandrum
1179 3504 1305 3570 Arrian.

136 3607 233 3691 1116,
255 3615 282 3676 3.
319 3603 517 3697 Γανυμήδης
538 3612 660 3677 4411444
680 3610 735 3676 ille
757 3610 1003 3688 Alexandrinus,
1025 3611 1179 3677 Arsinoes
1202 3611 1305 3676 nutri-

136 3717 211 3798 cius,
239 3739 278 3783 41
296 3717 383 3784 bello
405 3718 623 3795 Alexandrino
644 3720 754 3796 notus,
783 3741 810 3784 c.
833 3724 851 3784 3
874 3722 961 3798 4411,
990 3723 1023 3784 41
1048 3719 1127 3784 item
1148 3718 1303 3783 Achillas.
1321 3723 1370 3774 273

135 3823 218 3892 Nam
233 3825 321 3909 quod
334 3824 390 3890 ille
404 3847 522 3891 nomen
541 3826 664 3910 accepit
685 3819 867 3907 ἐπώνυμον,
890 3826 924 3890 id
945 3826 1077 3891 minime
1101 3826 1211 3891 eximit
1233 3849 1305 3891 eum

137 3953 174 3997 41
192 3932 256 3998 hoc
278 3931 398 4012 ordine,
418 3935 456 3997 ut
474 3955 533 3998 nec
551 3924 722 4019 Αόρηλων
740 3929 853 4019 Θησέα
869 3929 1065 4020 Νικηφόρον
1085 3930 1306 4019 Θυατειρηνὸν

137 4035 313 4127 νικήσαντα
339 4035 480 4120 ἐνδόξως
507 4041 540 4107 O.
561 4038 585 4106 Ι.
611 4045 700 4109 3563.
726 4081 767 4090 -
793 4034 910 4126 Δανάη
938 4040 1071 4124 Epicuri
1098 4040 1165 4106 filia
1186 4039 1306 4104 Athen.

136 4143 210 4213 XIII
231 4145 326 4215 5931).
369 4145 420 4234 Et
448 4170 521 4213 cum
547 4147 599 4212 his
628 4151 661 4212 et
688 4147 846 4214 similibus
872 4148 958 4234 fugit
985 4171 1059 4214 eum
1083 4140 1302 4235 Ἀμφότερός,

136 4253 721 4335 141416141411,Α11.125,12.13.
757 4253 804 4320 III
818 4261 847 4335 2,
863 4261 891 4323 8.
927 4253 974 4320 III
989 4262 1017 4336 6,
1031 4263 1061 4323 4.
1076 4262 1105 4334 5,
1130 4259 1162 4320 41
1182 4255 1305 4336 1141144,
