3008 4980
276 360 299 413 5.
325 353 366 409 De
383 353 519 424 perversis
538 351 757 424 chorographiae
774 352 854 408 Hom.
873 351 1159 423 interpretationibus.
1239 357 1299 421 233

217 526 258 585 H
282 529 340 592 180
372 514 549 609 Μυκήνηςτ
576 519 613 608 (ή
646 520 768 609 διπλή)
801 516 853 587 δτι
889 513 1035 601 ἀλλαχοῦ
1066 519 1302 607 πληθυντικῶς

135 625 308 716 Μυκήνας.
351 629 434 697 Item
456 631 496 695 ad
515 633 555 693 A
575 636 615 697 46
638 625 691 696 ὅτι
713 632 767 694 νῦν
789 624 905 706 ἑνικῶς
924 625 984 715 τήν
1005 621 1178 715 Μυκήνην.

218 742 254 802 H
279 744 335 807 135
362 740 481 815 Φειᾶς·
512 736 544 824 (q
570 736 687 824 διπλῆ)
714 731 768 802 ὅτι
799 731 834 800 ἐν
857 728 1035 823 Ὀδυσσείᾳ
1061 738 1092 817 (ο
1118 737 1191 820 296)
1217 732 1383 818 πλη-(242)

135 848 301 923 θυντικῶς
323 841 369 932 „oi
394 844 431 911 δέ
456 847 558 922 Φεαῖς
578 840 762 927 ἐπέβαλλεν
784 840 979 932 ἐπειγομένη
1001 840 1086 921 Διὸς
1110 834 1234 928 οίίρῳίῑ,
1259 837 1303 919 ὡς

137 946 299 1042 Μυκήνην
319 950 377 1018 καί
399 947 571 1039 Μυκήνας.

218 1063 410 1129 Admonebo
431 1062 484 1127 hic
505 1062 690 1127 notissimae
712 1062 957 1141 observationis,
978 1059 1156 1126 Homerum
1178 1082 1304 1144 semper

134 1173 255 1238 habere
276 1164 425 1258 ήἺλιος.
461 1170 554 1236 Unde
574 1171 625 1235 bis
644 1170 723 1235 falsa
738 1169 895 1235 Zenodoti
909 1169 1004 1234 lectio
1020 1169 1173 1234 convicta.
1211 1169 1301 1235 071.

136 1285 171 1343 Π
193 1286 242 1348 92.
276 1283 305 1342 Σ
327 1286 394 1347 174.

221 1499 240 1582 ἕ
263 1503 290 1564 3.
333 1497 368 1564 si
394 1496 524 1581 quidem
550 1499 583 1561 et
607 1496 641 1560 in
669 1518 815 1560 sermone
836 1495 970 1560 Homeri
992 1494 1192 1579 explanando
1216 1495 1303 1559 etin

137 1606 384 1691 antiquitatibus
415 1604 563 1668 eruendis
588 1602 667 1668 utile
696 1606 764 1668 erat
790 1607 824 1668 et
850 1603 1064 1668 necessarium
1089 1603 1303 1668 recentiorum

135 1737 197 1779 usu
219 1713 367 1800 neglecto
389 1711 494 1778 solum
514 1710 692 1775 Homerum
713 1712 813 1797 sequi,
833 1712 867 1777 id
886 1712 921 1776 in
942 1711 1141 1797 geographia
1161 1709 1304 1775 omnium
1426 1780 1429 1786 .

135 1820 274 1887 maxime
303 1819 464 1906 agendum
485 1823 566 1901 erat,
597 1843 638 1884 ne
660 1821 849 1885 commentis
872 1823 904 1885 et
923 1820 1065 1885 vanitate
1087 1819 1195 1884 omnia
1217 1840 1303 1883 ccm-

135 1928 354 1995 miscerentur.
382 1928 513 1993 Etenim
534 1927 620 1993 hunc
640 1927 748 1992 locum
769 1950 835 1993 non
858 1927 944 1992 docti
964 1930 1091 1992 tantum
1112 1926 1304 2012 interpreta-

135 2038 263 2116 bantur,
283 2037 340 2101 sed
360 2035 466 2120 ipsum
485 2033 635 2100 Graeciae
656 2034 782 2120 vulgus,
806 2056 878 2099 cum
899 2056 1111 2118 unaquaeque
1133 2035 1223 2121 regio
1244 2057 1304 2100 uo·

136 2144 212 2210 bilis
233 2143 387 2229 ignobilis
409 2165 443 2207 se
464 2145 573 2208 tamen
594 2165 613 2207 a
634 2141 841 2208 celeberrimo
862 2146 959 2227 poeta
972 2143 1179 2227 praeteritam
1192 2141 1304 2208 nollet.

137 2251 191 2317 Sic
214 2273 295 2334 quae
317 2250 451 2315 Homeri
465 2249 563 2335 Pylos
585 2254 669 2317 esset
690 2273 756 2315 non
777 2254 904 2316 tantum
924 2251 1009 2316 intra
1031 2250 1229 2316 eruditorum
1247 2273 1305 2335 pa-

136 2360 234 2425 rietes
263 2359 481 2442 disceptatum
525 2357 630 2424 Strab.
659 2357 738 2426 VHI
762 2381 793 2443 p.
816 2363 876 2427 339
900 2352 932 2422 οἱ
959 2351 991 2422 δ’
1016 2348 1073 2423 οὖν
1095 2354 1132 2422 ἐκ
1152 2360 1211 2444 τῆς
1232 2352 1306 2423 κοί-

137 2464 196 2553 λης
215 2456 359 2543 Ἤλιδος
387 2462 445 2529 καί
473 2458 628 2553 τοιαύτην
656 2461 852 2554 φιλοτιμίαν
880 2460 1125 2551 προσετίθεσαν
1153 2468 1201 2550 τῷ
1225 2460 1303 2553 παρ’

138 2567 252 2651 αὐτοῖς
277 2566 395 2660 Πύλῳ,
424 2570 481 2637 καί
506 2569 716 2658 γνωρίσματα
747 2573 838 2639 δεικν
849 2566 932 2650 ’ντες
957 2578 987 2637 Γ
986 2569 1102 2660 ε’ρηνον
1122 2565 1228 2639 τόπον
1249 2571 1307 2638 καὶ

138 2676 283 2766 Γέροντα
308 2678 461 2763 ποταμὸν
487 2679 544 2746 καί
572 2674 674 2748 ίίλλον
700 2686 731 2745 Γ
729 2676 875 2768 ερήνιον,
905 2671 961 2746 εἶτ’
992 2674 1060 2746 ἀπὸ
1086 2674 1212 2747 τούτων
1233 2677 1305 2745 έπι-

138 2785 248 2866 recog
268 2793 300 2852 Γ
298 2781 429 2876 ερήνιον
450 2783 611 2876 είρήσθαι
631 2782 848 2874 πιστοίμενοι
868 2787 925 2858 τὸν
948 2785 1109 2873 Νέστορα.
1148 2792 1245 2855 τοῦτο
1269 2786 1306 2853 δέ

136 2890 236 2963 ταύτὸ
264 2895 321 2962 καί
343 2892 375 2963 οἱ
401 2894 587 2985 Μεσσήνιοι
607 2892 817 2985 πεποιήκασι
837 2895 895 2963 καί
917 2892 1147 2983 πιθανώτεροί
1168 2919 1204 2982 γε
1225 2894 1306 2983 φαί-

138 3028 265 3072 νονται·
286 3003 416 3088 μᾶλλον
440 3004 502 3092 γὰρ
524 2998 672 3091 γνώριμά
695 3026 799 3094 φασιν
820 2995 968 3072 εἶναιτὰ
989 2999 1067 3093 παρ)
1085 3000 1225 3083 ἐκείνοις
1243 3009 1273 3068 Γ
1271 3001 1306 3070 ε’-

138 3138 219 3201 ρηνα
241 3108 480 3197 συνοικοδμενοί
507 3137 590 3179 ποτε
616 3105 660 3180 εὖ.
704 3116 750 3183 cf.
771 3122 832 3184 339
852 3117 949 3197 τριῶν
970 3107 1093 3179 Πύλων
1114 3108 1306 3199 ἱστορουμέ-

139 3246 203 3287 νων
230 3219 265 3286 έν
284 3217 535 3310 Πελοποννήσῳ
557 3261 598 3272 -
620 3217 756 3289 έκαστυι
781 3221 838 3291 τὸν
859 3220 953 3309 παρὰ
974 3217 1088 3311 σφίσιν
1110 3215 1306 3309 ήμαθόεντα

137 3331 321 3415 πειρῶνται
343 3328 507 3396 δεικνύναι
526 3327 583 3395 καί
596 3329 657 3418 τήν
672 3334 730 3396 τοῦ
745 3329 914 3417 Νέστορος
926 3325 1074 3415 πατρίδα
1087 3333 1203 3397 τοῦτον
1217 3323 1306 3397 ἀπο-

139 3433 325 3527 φαίνουσιν.
366 3439 449 3506 Item
472 3439 604 3506 ilienses
630 3440 734 3507 Strab.
760 3439 836 3508 ΧΠΙ
861 3465 892 3527 p.
915 3445 975 3527 593
1003 3432 1041 3505 οὗ
1070 3438 1132 3523 γὰρ
1159 3437 1305 3504 ἐνταῦθα
1324 3464 1372 3515 237

137 3547 249 3633 ἵδρυσε
273 3545 334 3635 τήν
360 3539 462 3612 πόλιν
490 3542 521 3631 (δ
540 3538 653 3631 Ἶλος),
688 3544 774 3614 ὅπου
800 3551 857 3613 νῦν
885 3543 985 3627 ἐστιν,
1016 3540 1102 3612 ἀλλὰ
1129 3541 1244 3628 σχεδόν
1275 3571 1308 3612 τι

137 3650 315 3740 τριάκοντα
342 3651 494 3733 σταδίοις
519 3649 671 3742 ἀνωτέρω
701 3654 788 3742 πρὸς
815 3652 858 3722 dor
880 3654 938 3721 καί
962 3653 1048 3741 πρὸς
1068 3648 1232 3744 τηνἼδην
1251 3653 1308 3721 καί

136 3761 197 3851 τήν
216 3759 409 3849 Δαρδανίαν
430 3762 514 3829 κατὰ
534 3762 594 3851 τήν
616 3767 672 3829 νῦν
692 3761 898 3853 καλουμένην
916 3758 1043 3830 Ἰλιέων
1064 3759 1189 3851 κώμην·
1212 3759 1248 3830 οἱ
1268 3761 1309 3830 δέ

138 3874 205 3935 νῦν
227 3864 358 3950 Ἰλιεῖς
386 3871 698 3958 φιλοδοξοῦντες
724 3872 782 3938 καί
811 3870 969 3950 θέλοντες
995 3861 1081 3937 εἶναι
1106 3865 1226 3961 ταύτην
1251 3870 1309 3961 τήν

138 3977 292 4047 παλαιὰν
311 3973 540 4067 παρεσχήκασι
561 3975 660 4066 λόγον
680 3986 751 4060 τοῖς
769 3978 806 4048 έκ
819 3984 879 4070 τῆς
891 3974 1037 4067 Ὁμήρου
1052 3973 1222 4068 ποιήσεως
1235 4005 1309 4047 τεκ-

136 4085 366 4172 μαιρομένοις·
395 4082 432 4154 οὗ
456 4086 517 4173 γὰρ
539 4083 647 4155 ἔοικεν
668 4085 749 4178 αὕτη
772 4080 857 4155 εἶναι
878 4083 898 4176 ή
922 4083 1002 4154 καθ’
1019 4085 1177 4177 Ὅμηρον.
1222 4091 1306 4170 Quid
1319 4102 1389 4174 (243)

139 4197 228 4281 quod
249 4197 366 4262 accolis
387 4197 476 4262 lacus
490 4198 610 4262 Averni
632 4198 810 4285 gloriosum
824 4201 937 4280 uisum,
952 4200 1039 4284 quod
1054 4198 1132 4264 olim
1147 4199 1308 4264 Cimmerii

138 4304 279 4370 fuerint?
311 4304 415 4371 Strab.
438 4305 469 4371 V
490 4310 560 4374 244.
596 4305 660 4373 Sed
681 4308 753 4373 uide
782 4331 879 4392 quam
905 4307 1105 4392 splendidam
1131 4306 1309 4373 doctrinam

137 4411 290 4479 Messenii
312 4413 556 4498 expromserint,
581 4415 715 4481 Homeri
736 4415 922 4482 Oechaliam
942 4416 1142 4481 vindicaturi.
1171 4414 1308 4482 Pausan.
