<?xml version="1.0" encoding="UTF-8"?>
<!DOCTYPE html PUBLIC "-//W3C//DTD XHTML 1.0 Transitional//EN"
    "http://www.w3.org/TR/xhtml1/DTD/xhtml1-transitional.dtd">
<html xmlns="http://www.w3.org/1999/xhtml" xml:lang="en" lang="en">
 <head>
  <title>
</title>
<meta http-equiv="Content-Type" content="text/html;charset=utf-8" />
  <meta name='ocr-system' content='tesseract 3.04.00' />
  <meta name='ocr-capabilities' content='ocr_page ocr_carea ocr_par ocr_line ocrx_word'/>
</head>
<body>
  <div class='ocr_page' id='page_1' title='image "./dearistarchistu01lehrgoog/dearistarchistu01lehrgoog_0222.png"; bbox 0 0 3008 4980; ppageno 0'>
   <div class='ocr_carea' id='block_1_1' title="bbox 264 319 1300 398">
    <p class='ocr_par' dir='ltr' id='par_1_1' title="bbox 264 319 1300 398">
     <span class='ocr_line' id='line_1_1' title="bbox 264 319 1300 398; baseline 0.008 -19"><span class='ocrx_word' id='word_1_1' title='bbox 264 331 288 379; x_wconf 94' lang='lat'><strong>4.</strong></span> <span class='ocrx_word' id='word_1_2' title='bbox 317 324 359 379; x_wconf 93' lang='lat' dir='ltr'><strong>De</strong></span> <span class='ocrx_word' id='word_1_3' title='bbox 376 319 571 394; x_wconf 76' lang='lat' dir='ltr'><strong>grammaticis,</strong></span> <span class='ocrx_word' id='word_1_4' title='bbox 592 319 640 393; x_wconf 91' lang='lat' dir='ltr'><strong>qui</strong></span> <span class='ocrx_word' id='word_1_5' title='bbox 658 319 825 381; x_wconf 79' lang='grc' dir='ltr'><em>ἐνστοτικοί</em></span> <span class='ocrx_word' id='word_1_6' title='bbox 842 326 872 380; x_wconf 92' lang='lat' dir='ltr'><strong>et</strong></span> <span class='ocrx_word' id='word_1_7' title='bbox 887 328 1002 382; x_wconf 75' lang='grc' dir='ltr'><em>λυτικοί</em></span> <span class='ocrx_word' id='word_1_8' title='bbox 1019 322 1088 383; x_wconf 91' lang='lat' dir='ltr'><strong>dicti</strong></span> <span class='ocrx_word' id='word_1_9' title='bbox 1105 331 1175 384; x_wconf 91' lang='lat' dir='ltr'><strong>sunt.</strong></span> <span class='ocrx_word' id='word_1_10' title='bbox 1240 336 1300 398; x_wconf 76' lang='lat'><strong>207</strong></span> 
     </span>
    </p>
   </div>
   <div class='ocr_carea' id='block_1_2' title="bbox 135 492 1302 582">
    <p class='ocr_par' dir='ltr' id='par_1_2' title="bbox 135 492 1302 582">
     <span class='ocr_line' id='line_1_2' title="bbox 135 492 1302 582; baseline 0.005 -26"><span class='ocrx_word' id='word_1_11' title='bbox 135 492 236 557; x_wconf 92' lang='lat' dir='ltr'><strong>renda</strong></span> <span class='ocrx_word' id='word_1_12' title='bbox 262 492 391 576; x_wconf 91' lang='lat' dir='ltr'><strong>quidem</strong></span> <span class='ocrx_word' id='word_1_13' title='bbox 415 512 494 558; x_wconf 88' lang='lat' dir='ltr'><strong>esse.</strong></span> <span class='ocrx_word' id='word_1_14' title='bbox 538 492 692 557; x_wconf 83' lang='lat' dir='ltr'><strong>Attamen</strong></span> <span class='ocrx_word' id='word_1_15' title='bbox 724 494 804 558; x_wconf 87' lang='lat' dir='ltr'><strong>haec</strong></span> <span class='ocrx_word' id='word_1_16' title='bbox 832 516 899 559; x_wconf 90' lang='lat' dir='ltr'><strong>non</strong></span> <span class='ocrx_word' id='word_1_17' title='bbox 923 515 1054 578; x_wconf 90' lang='lat' dir='ltr'><strong>prorsus</strong></span> <span class='ocrx_word' id='word_1_18' title='bbox 1082 496 1302 582; x_wconf 85' lang='lat' dir='ltr'><strong>neglexerunt,</strong></span> 
     </span>
    </p>
   </div>
   <div class='ocr_carea' id='block_1_3' title="bbox 135 599 1383 2295">
    <p class='ocr_par' dir='ltr' id='par_1_3' title="bbox 135 599 1303 1434">
     <span class='ocr_line' id='line_1_3' title="bbox 137 599 1302 686; baseline 0.006 -22"><span class='ocrx_word' id='word_1_19' title='bbox 137 599 165 664; x_wconf 92' lang='lat' dir='ltr'><strong>si</strong></span> <span class='ocrx_word' id='word_1_20' title='bbox 191 621 255 683; x_wconf 90' lang='lat' dir='ltr'><strong>qua</strong></span> <span class='ocrx_word' id='word_1_21' title='bbox 280 600 363 664; x_wconf 85' lang='lat' dir='ltr'><strong>forte</strong></span> <span class='ocrx_word' id='word_1_22' title='bbox 388 600 429 664; x_wconf 91' lang='lat' dir='ltr'><strong>ad</strong></span> <span class='ocrx_word' id='word_1_23' title='bbox 454 600 568 664; x_wconf 89' lang='lat' dir='ltr'><strong>utilem</strong></span> <span class='ocrx_word' id='word_1_24' title='bbox 595 599 852 665; x_wconf 88' lang='lat' dir='ltr'><strong>observationem</strong></span> <span class='ocrx_word' id='word_1_25' title='bbox 873 623 983 667; x_wconf 83' lang='lat' dir='ltr'><strong>ansam</strong></span> <span class='ocrx_word' id='word_1_26' title='bbox 1007 603 1206 686; x_wconf 74' lang='lat' dir='ltr'><strong>praeberent.</strong></span> <span class='ocrx_word' id='word_1_27' title='bbox 1249 605 1302 671; x_wconf 83' lang='lat' dir='ltr'><strong>Sic</strong></span> 
     </span>
     <span class='ocr_line' id='line_1_4' title="bbox 137 699 1302 794; baseline 0.006 -23"><span class='ocrx_word' id='word_1_28' title='bbox 137 706 225 790; x_wconf 90' lang='lat' dir='ltr'><strong>quod</strong></span> <span class='ocrx_word' id='word_1_29' title='bbox 251 707 289 770; x_wconf 89' lang='lat' dir='ltr'><strong>de</strong></span> <span class='ocrx_word' id='word_1_30' title='bbox 311 699 429 792; x_wconf 75' lang='grc' dir='ltr'><em>σελήνη</em></span> <span class='ocrx_word' id='word_1_31' title='bbox 455 700 577 794; x_wconf 78' lang='grc' dir='ltr'><em>φαεινή</em></span> <span class='ocrx_word' id='word_1_32' title='bbox 604 707 734 790; x_wconf 91' lang='lat' dir='ltr'><strong>quidam</strong></span> <span class='ocrx_word' id='word_1_33' title='bbox 763 707 825 773; x_wconf 89' lang='lat' dir='ltr'><strong>sibi</strong></span> <span class='ocrx_word' id='word_1_34' title='bbox 853 708 999 793; x_wconf 90' lang='lat' dir='ltr'><strong>ineptum</strong></span> <span class='ocrx_word' id='word_1_35' title='bbox 1027 710 1187 776; x_wconf 90' lang='lat' dir='ltr'><strong>invenisse</strong></span> <span class='ocrx_word' id='word_1_36' title='bbox 1214 712 1302 778; x_wconf 87' lang='lat' dir='ltr'><strong>vide-</strong></span> 
     </span>
     <span class='ocr_line' id='line_1_5' title="bbox 135 813 1303 899; baseline 0.007 -22"><span class='ocrx_word' id='word_1_37' title='bbox 135 813 266 892; x_wconf 91' lang='lat' dir='ltr'><strong>bantur,</strong></span> <span class='ocrx_word' id='word_1_38' title='bbox 295 813 357 879; x_wconf 92' lang='lat' dir='ltr'><strong>hoc</strong></span> <span class='ocrx_word' id='word_1_39' title='bbox 381 817 510 899; x_wconf 89' lang='lat' dir='ltr'><strong>poterat</strong></span> <span class='ocrx_word' id='word_1_40' title='bbox 538 815 709 879; x_wconf 89' lang='lat' dir='ltr'><strong>admonere</strong></span> <span class='ocrx_word' id='word_1_41' title='bbox 738 814 911 898; x_wconf 76' lang='lat' dir='ltr'><strong>doctiores,</strong></span> <span class='ocrx_word' id='word_1_42' title='bbox 936 819 974 880; x_wconf 92' lang='lat' dir='ltr'><strong>ut</strong></span> <span class='ocrx_word' id='word_1_43' title='bbox 999 817 1220 883; x_wconf 82' lang='lat' dir='ltr'><strong>Aristarchum</strong></span> <span class='ocrx_word' id='word_1_44' title='bbox 1246 820 1303 885; x_wconf 89' lang='lat' dir='ltr'><strong>ad·</strong></span> 
     </span>
     <span class='ocr_line' id='line_1_6' title="bbox 135 920 1302 1006; baseline 0.006 -21"><span class='ocrx_word' id='word_1_45' title='bbox 135 921 270 1003; x_wconf 84' lang='lat' dir='ltr'><strong>monuit,</strong></span> <span class='ocrx_word' id='word_1_46' title='bbox 290 924 328 985; x_wconf 92' lang='lat' dir='ltr'><strong>ut</strong></span> <span class='ocrx_word' id='word_1_47' title='bbox 343 921 381 987; x_wconf 93' lang='lat' dir='ltr'><strong>de</strong></span> <span class='ocrx_word' id='word_1_48' title='bbox 401 921 433 985; x_wconf 86' lang='lat' dir='ltr'><strong>vi</strong></span> <span class='ocrx_word' id='word_1_49' title='bbox 447 943 484 986; x_wconf 89' lang='lat' dir='ltr'><strong>ac</strong></span> <span class='ocrx_word' id='word_1_50' title='bbox 497 924 658 1006; x_wconf 87' lang='lat' dir='ltr'><strong>potestate</strong></span> <span class='ocrx_word' id='word_1_51' title='bbox 673 920 889 1006; x_wconf 89' lang='lat' dir='ltr'><strong>epithetorum</strong></span> <span class='ocrx_word' id='word_1_52' title='bbox 902 927 1130 1006; x_wconf 89' lang='lat' dir='ltr'><strong>perpetuorum</strong></span> <span class='ocrx_word' id='word_1_53' title='bbox 1153 925 1302 994; x_wconf 90' lang='lat' dir='ltr'><strong>dicerent</strong></span> 
     </span>
     <span class='ocr_line' id='line_1_7' title="bbox 137 1027 1302 1117; baseline 0.005 -24"><span class='ocrx_word' id='word_1_54' title='bbox 137 1027 191 1094; x_wconf 80' lang='lat' dir='ltr'><strong>Sic</strong></span> <span class='ocrx_word' id='word_1_55' title='bbox 206 1051 284 1113; x_wconf 88' lang='lat' dir='ltr'><strong>quas</strong></span> <span class='ocrx_word' id='word_1_56' title='bbox 298 1028 501 1094; x_wconf 71' lang='lat' dir='ltr'><strong>Aristonicus</strong></span> <span class='ocrx_word' id='word_1_57' title='bbox 515 1029 550 1092; x_wconf 92' lang='lat' dir='ltr'><strong>in</strong></span> <span class='ocrx_word' id='word_1_58' title='bbox 569 1028 698 1094; x_wconf 86' lang='lat' dir='ltr'><strong>scholiis</strong></span> <span class='ocrx_word' id='word_1_59' title='bbox 719 1029 825 1114; x_wconf 88' lang='lat' dir='ltr'><strong>tangit</strong></span> <span class='ocrx_word' id='word_1_60' title='bbox 846 1030 1059 1112; x_wconf 82' lang='lat' dir='ltr'><strong>quaestiones,</strong></span> <span class='ocrx_word' id='word_1_61' title='bbox 1080 1054 1161 1115; x_wconf 89' lang='lat' dir='ltr'><strong>quae</strong></span> <span class='ocrx_word' id='word_1_62' title='bbox 1182 1055 1302 1117; x_wconf 79' lang='lat' dir='ltr'><strong>paucae</strong></span> 
     </span>
     <span class='ocr_line' id='line_1_8' title="bbox 137 1135 1303 1222; baseline 0.005 -22"><span class='ocrx_word' id='word_1_63' title='bbox 137 1140 226 1215; x_wconf 90' lang='lat' dir='ltr'><strong>sunt,</strong></span> <span class='ocrx_word' id='word_1_64' title='bbox 256 1139 312 1200; x_wconf 89' lang='lat' dir='ltr'><strong>aut</strong></span> <span class='ocrx_word' id='word_1_65' title='bbox 339 1136 378 1201; x_wconf 90' lang='lat' dir='ltr'><strong>ad</strong></span> <span class='ocrx_word' id='word_1_66' title='bbox 405 1137 576 1202; x_wconf 90' lang='lat' dir='ltr'><strong>verborum</strong></span> <span class='ocrx_word' id='word_1_67' title='bbox 604 1139 782 1221; x_wconf 84' lang='lat' dir='ltr'><strong>potestates</strong></span> <span class='ocrx_word' id='word_1_68' title='bbox 810 1135 1005 1202; x_wconf 87' lang='lat' dir='ltr'><strong>definiendas</strong></span> <span class='ocrx_word' id='word_1_69' title='bbox 1031 1141 1178 1222; x_wconf 84' lang='lat' dir='ltr'><strong>receptae</strong></span> <span class='ocrx_word' id='word_1_70' title='bbox 1205 1144 1303 1221; x_wconf 88' lang='lat' dir='ltr'><strong>erant,</strong></span> 
     </span>
     <span class='ocr_line' id='line_1_9' title="bbox 136 1240 1303 1332; baseline 0.005 -25"><span class='ocrx_word' id='word_1_71' title='bbox 136 1245 173 1307; x_wconf 90' lang='lat' dir='ltr'><strong>ut</strong></span> <span class='ocrx_word' id='word_1_72' title='bbox 195 1246 225 1305; x_wconf 91' lang='grc' dir='ltr'><strong><em>Γ</em></strong></span> <span class='ocrx_word' id='word_1_73' title='bbox 243 1249 296 1321; x_wconf 87' lang='grc'><strong>65,</strong></span> <span class='ocrx_word' id='word_1_74' title='bbox 323 1243 381 1308; x_wconf 93' lang='lat' dir='ltr'><strong>ubi</strong></span> <span class='ocrx_word' id='word_1_75' title='bbox 402 1244 470 1308; x_wconf 89' lang='lat' dir='ltr'><strong>sine</strong></span> <span class='ocrx_word' id='word_1_76' title='bbox 492 1244 590 1310; x_wconf 89' lang='lat' dir='ltr'><strong>dubio</strong></span> <span class='ocrx_word' id='word_1_77' title='bbox 613 1244 652 1309; x_wconf 89' lang='lat' dir='ltr'><strong>de</strong></span> <span class='ocrx_word' id='word_1_78' title='bbox 674 1243 910 1330; x_wconf 89' lang='lat' dir='ltr'><strong>significatione</strong></span> <span class='ocrx_word' id='word_1_79' title='bbox 930 1244 1080 1310; x_wconf 86' lang='lat' dir='ltr'><strong>vocabuli</strong></span> <span class='ocrx_word' id='word_1_80' title='bbox 1101 1240 1184 1310; x_wconf 74' lang='grc' dir='ltr'><em>ἑκών</em></span> <span class='ocrx_word' id='word_1_81' title='bbox 1204 1269 1303 1332; x_wconf 85' lang='lat' dir='ltr'><strong>expo-</strong></span> 
     </span>
     <span class='ocr_line' id='line_1_10' title="bbox 136 1349 1302 1434; baseline 0.008 -20"><span class='ocrx_word' id='word_1_82' title='bbox 136 1354 253 1428; x_wconf 88' lang='lat' dir='ltr'><strong>suerat,</strong></span> <span class='ocrx_word' id='word_1_83' title='bbox 275 1351 384 1415; x_wconf 90' lang='lat' dir='ltr'><strong>autad</strong></span> <span class='ocrx_word' id='word_1_84' title='bbox 402 1350 575 1416; x_wconf 91' lang='lat' dir='ltr'><strong>lectionem</strong></span> <span class='ocrx_word' id='word_1_85' title='bbox 594 1349 824 1434; x_wconf 88' lang='lat' dir='ltr'><strong>expediendam</strong></span> <span class='ocrx_word' id='word_1_86' title='bbox 837 1351 890 1416; x_wconf 88' lang='lat' dir='ltr'><strong>vel</strong></span> <span class='ocrx_word' id='word_1_87' title='bbox 911 1352 1168 1434; x_wconf 83' lang='lat' dir='ltr'><strong>confirmandam,</strong></span> <span class='ocrx_word' id='word_1_88' title='bbox 1190 1358 1221 1416; x_wconf 89' lang='grc' dir='ltr'>Γ</span> <span class='ocrx_word' id='word_1_89' title='bbox 1232 1361 1302 1423; x_wconf 85' lang='grc'><strong>379.</strong></span> 
     </span>
    </p>

    <p class='ocr_par' dir='ltr' id='par_1_4' title="bbox 135 1457 1383 2295">
     <span class='ocr_line' id='line_1_11' title="bbox 136 1457 1303 1546; baseline 0.008 -28"><span class='ocrx_word' id='word_1_90' title='bbox 136 1460 170 1518; x_wconf 88' lang='grc' dir='ltr'><em>Κ</em></span> <span class='ocrx_word' id='word_1_91' title='bbox 184 1463 252 1534; x_wconf 87' lang='grc'><strong>447,</strong></span> <span class='ocrx_word' id='word_1_92' title='bbox 273 1460 329 1522; x_wconf 93' lang='lat' dir='ltr'><strong>aut</strong></span> <span class='ocrx_word' id='word_1_93' title='bbox 342 1480 382 1522; x_wconf 89' lang='lat' dir='ltr'><strong>ne</strong></span> <span class='ocrx_word' id='word_1_94' title='bbox 396 1460 547 1542; x_wconf 89' lang='lat' dir='ltr'><strong>poterant</strong></span> <span class='ocrx_word' id='word_1_95' title='bbox 561 1457 692 1542; x_wconf 89' lang='lat' dir='ltr'><strong>quidem</strong></span> <span class='ocrx_word' id='word_1_96' title='bbox 708 1458 743 1521; x_wconf 91' lang='lat' dir='ltr'><strong>in</strong></span> <span class='ocrx_word' id='word_1_97' title='bbox 761 1459 998 1524; x_wconf 89' lang='lat' dir='ltr'><strong>commentariis</strong></span> <span class='ocrx_word' id='word_1_98' title='bbox 1018 1461 1193 1544; x_wconf 84' lang='lat' dir='ltr'><strong>praeteriri,</strong></span> <span class='ocrx_word' id='word_1_99' title='bbox 1215 1463 1303 1546; x_wconf 91' lang='lat' dir='ltr'><strong>quod</strong></span> 
     </span>
     <span class='ocr_line' id='line_1_12' title="bbox 136 1560 1302 1654; baseline 0.003 -26"><span class='ocrx_word' id='word_1_100' title='bbox 136 1563 349 1648; x_wconf 85' lang='lat' dir='ltr'><strong>explicatione</strong></span> <span class='ocrx_word' id='word_1_101' title='bbox 363 1566 541 1631; x_wconf 87' lang='lat' dir='ltr'><strong>necessario</strong></span> <span class='ocrx_word' id='word_1_102' title='bbox 558 1568 663 1651; x_wconf 86' lang='lat' dir='ltr'><strong>egent,</strong></span> <span class='ocrx_word' id='word_1_103' title='bbox 685 1567 722 1629; x_wconf 90' lang='lat' dir='ltr'><strong>ut</strong></span> <span class='ocrx_word' id='word_1_104' title='bbox 743 1565 782 1630; x_wconf 89' lang='lat' dir='ltr'><strong>de</strong></span> <span class='ocrx_word' id='word_1_105' title='bbox 803 1587 897 1631; x_wconf 88' lang='lat' dir='ltr'><strong>versu</strong></span> <span class='ocrx_word' id='word_1_106' title='bbox 919 1560 1112 1654; x_wconf 76' lang='grc' dir='ltr'><em>παρῴχηκεν</em></span> <span class='ocrx_word' id='word_1_107' title='bbox 1134 1563 1171 1632; x_wconf 80' lang='grc' dir='ltr'><strong>δὲ</strong></span> <span class='ocrx_word' id='word_1_108' title='bbox 1191 1565 1302 1633; x_wconf 82' lang='grc' dir='ltr'><em>πλέων</em></span> 
     </span>
     <span class='ocr_line' id='line_1_13' title="bbox 136 1665 1301 1760; baseline 0.006 -27"><span class='ocrx_word' id='word_1_109' title='bbox 136 1666 196 1749; x_wconf 79' lang='grc' dir='ltr'><strong>νὺξ</strong></span> <span class='ocrx_word' id='word_1_110' title='bbox 216 1673 282 1734; x_wconf 76' lang='grc' dir='ltr'><strong>τῶν</strong></span> <span class='ocrx_word' id='word_1_111' title='bbox 309 1672 365 1737; x_wconf 76' lang='grc' dir='ltr'><strong>δύο</strong></span> <span class='ocrx_word' id='word_1_112' title='bbox 391 1665 543 1757; x_wconf 82' lang='grc' dir='ltr'><em>μοιράων</em></span> <span class='ocrx_word' id='word_1_113' title='bbox 570 1676 603 1735; x_wconf 87' lang='grc' dir='ltr'><em>Κ</em></span> <span class='ocrx_word' id='word_1_114' title='bbox 623 1678 697 1753; x_wconf 80' lang='lat'><strong>252,</strong></span> <span class='ocrx_word' id='word_1_115' title='bbox 727 1675 759 1736; x_wconf 93' lang='lat' dir='ltr'><strong>et</strong></span> <span class='ocrx_word' id='word_1_116' title='bbox 787 1672 825 1738; x_wconf 90' lang='lat' dir='ltr'><strong>de</strong></span> <span class='ocrx_word' id='word_1_117' title='bbox 853 1672 1044 1758; x_wconf 85' lang='lat' dir='ltr'><strong>Pylaemene</strong></span> <span class='ocrx_word' id='word_1_118' title='bbox 1067 1680 1101 1737; x_wconf 91' lang='lat' dir='ltr'><strong><em>N</em></strong></span> <span class='ocrx_word' id='word_1_119' title='bbox 1120 1680 1193 1754; x_wconf 87' lang='grc'>643,</span> <span class='ocrx_word' id='word_1_120' title='bbox 1220 1698 1301 1760; x_wconf 91' lang='lat' dir='ltr'><strong>quae</strong></span> 
     </span>
     <span class='ocr_line' id='line_1_14' title="bbox 136 1778 1383 1868; baseline 0.001 -26"><span class='ocrx_word' id='word_1_121' title='bbox 136 1781 212 1843; x_wconf 90' lang='lat' dir='ltr'><strong>sunt</strong></span> <span class='ocrx_word' id='word_1_122' title='bbox 241 1778 371 1863; x_wconf 89' lang='lat' dir='ltr'><strong>quidem</strong></span> <span class='ocrx_word' id='word_1_123' title='bbox 392 1780 611 1864; x_wconf 85' lang='lat' dir='ltr'><strong>quaestiones,</strong></span> <span class='ocrx_word' id='word_1_124' title='bbox 637 1779 693 1845; x_wconf 90' lang='lat' dir='ltr'><strong>sed</strong></span> <span class='ocrx_word' id='word_1_125' title='bbox 722 1801 835 1863; x_wconf 87' lang='lat' dir='ltr'><strong>graves</strong></span> <span class='ocrx_word' id='word_1_126' title='bbox 863 1783 896 1845; x_wconf 88' lang='lat' dir='ltr'><strong>ct</strong></span> <span class='ocrx_word' id='word_1_127' title='bbox 920 1782 1117 1847; x_wconf 88' lang='lat' dir='ltr'><strong>necessariae</strong></span> <span class='ocrx_word' id='word_1_128' title='bbox 1145 1803 1182 1846; x_wconf 88' lang='lat' dir='ltr'><strong>ac</strong></span> <span class='ocrx_word' id='word_1_129' title='bbox 1202 1782 1300 1868; x_wconf 90' lang='lat' dir='ltr'><strong>longe</strong></span> <span class='ocrx_word' id='word_1_130' title='bbox 1312 1790 1383 1858; x_wconf 78' lang='lat'>(213)</span> 
     </span>
     <span class='ocr_line' id='line_1_15' title="bbox 136 1885 1338 1974; baseline 0.004 -24"><span class='ocrx_word' id='word_1_131' title='bbox 136 1887 177 1950; x_wconf 92' lang='lat' dir='ltr'><strong>ab</strong></span> <span class='ocrx_word' id='word_1_132' title='bbox 205 1886 275 1951; x_wconf 89' lang='lat' dir='ltr'><strong>istis</strong></span> <span class='ocrx_word' id='word_1_133' title='bbox 302 1887 460 1974; x_wconf 89' lang='lat' dir='ltr'><strong>argutulis</strong></span> <span class='ocrx_word' id='word_1_134' title='bbox 486 1887 712 1974; x_wconf 80' lang='lat' dir='ltr'><strong>segregandae.</strong></span> <span class='ocrx_word' id='word_1_135' title='bbox 752 1885 836 1952; x_wconf 91' lang='lat' dir='ltr'><strong>Item</strong></span> <span class='ocrx_word' id='word_1_136' title='bbox 863 1887 926 1953; x_wconf 86' lang='lat' dir='ltr'><strong>alis</strong></span> <span class='ocrx_word' id='word_1_137' title='bbox 955 1890 1111 1973; x_wconf 89' lang='lat' dir='ltr'><strong>quaedam</strong></span> <span class='ocrx_word' id='word_1_138' title='bbox 1143 1892 1302 1955; x_wconf 90' lang='lat' dir='ltr'><strong>attentum</strong></span> <span class='ocrx_word' id='word_1_139' title='bbox 1335 1904 1338 1913; x_wconf 90' lang='lat'>&#39;</span> 
     </span>
     <span class='ocr_line' id='line_1_16' title="bbox 135 1993 1366 2082; baseline -0.001 -24"><span class='ocrx_word' id='word_1_140' title='bbox 135 1994 288 2059; x_wconf 91' lang='lat' dir='ltr'><strong>lectorem</strong></span> <span class='ocrx_word' id='word_1_141' title='bbox 314 1994 383 2060; x_wconf 90' lang='lat' dir='ltr'><strong>iure</strong></span> <span class='ocrx_word' id='word_1_142' title='bbox 410 1994 604 2061; x_wconf 86' lang='lat' dir='ltr'><strong>offendentia</strong></span> <span class='ocrx_word' id='word_1_143' title='bbox 623 1994 675 2059; x_wconf 89' lang='lat' dir='ltr'><strong>vel</strong></span> <span class='ocrx_word' id='word_1_144' title='bbox 697 1993 796 2059; x_wconf 90' lang='lat' dir='ltr'><strong>semel</strong></span> <span class='ocrx_word' id='word_1_145' title='bbox 816 1995 953 2060; x_wconf 81' lang='lat' dir='ltr'><strong>excitata</strong></span> <span class='ocrx_word' id='word_1_146' title='bbox 972 1997 1164 2082; x_wconf 88' lang='lat' dir='ltr'><strong>pungentia,</strong></span> <span class='ocrx_word' id='word_1_147' title='bbox 1189 2001 1221 2058; x_wconf 94' lang='lat' dir='ltr'><strong><em>Z</em></strong></span> <span class='ocrx_word' id='word_1_148' title='bbox 1239 2003 1300 2065; x_wconf 77' lang='lat'><strong>326</strong></span> <span class='ocrx_word' id='word_1_149' title='bbox 1318 2007 1366 2058; x_wconf 85' lang='lat'><strong>210</strong></span> 
     </span>
     <span class='ocr_line' id='line_1_17' title="bbox 136 2099 1302 2188; baseline 0.005 -24"><span class='ocrx_word' id='word_1_150' title='bbox 136 2099 176 2165; x_wconf 82' lang='lat' dir='ltr'><strong>cl</strong></span> <span class='ocrx_word' id='word_1_151' title='bbox 195 2106 265 2168; x_wconf 83' lang='lat'><strong>335.</strong></span> <span class='ocrx_word' id='word_1_152' title='bbox 286 2104 325 2165; x_wconf 86' lang='lat' dir='ltr'><strong><em>H</em></strong></span> <span class='ocrx_word' id='word_1_153' title='bbox 338 2109 404 2170; x_wconf 87' lang='grc'><strong>116.</strong></span> <span class='ocrx_word' id='word_1_154' title='bbox 421 2108 490 2171; x_wconf 87' lang='grc'><strong>850.</strong></span> <span class='ocrx_word' id='word_1_155' title='bbox 510 2106 548 2165; x_wconf 89' lang='grc' dir='ltr'><strong><em>Χ</em></strong></span> <span class='ocrx_word' id='word_1_156' title='bbox 559 2107 629 2170; x_wconf 82' lang='lat'><strong>208.</strong></span> <span class='ocrx_word' id='word_1_157' title='bbox 650 2105 682 2162; x_wconf 91' lang='lat' dir='ltr'><em>Z</em></span> <span class='ocrx_word' id='word_1_158' title='bbox 696 2107 770 2178; x_wconf 77' lang='lat'><strong>2653</strong></span> <span class='ocrx_word' id='word_1_159' title='bbox 792 2142 832 2153; x_wconf 89' lang='lat'>-</span> <span class='ocrx_word' id='word_1_160' title='bbox 858 2107 889 2165; x_wconf 81' lang='grc' dir='ltr'><strong>(ὓ</strong></span> <span class='ocrx_word' id='word_1_161' title='bbox 903 2107 973 2170; x_wconf 88' lang='grc'><strong>343.</strong></span> <span class='ocrx_word' id='word_1_162' title='bbox 1008 2103 1190 2188; x_wconf 86' lang='lat' dir='ltr'><strong>Aliquoties</strong></span> <span class='ocrx_word' id='word_1_163' title='bbox 1206 2105 1302 2170; x_wconf 90' lang='lat' dir='ltr'><strong>etiam</strong></span> 
     </span>
     <span class='ocr_line' id='line_1_18' title="bbox 136 2206 1237 2295; baseline 0.005 -24"><span class='ocrx_word' id='word_1_164' title='bbox 136 2206 259 2292; x_wconf 88' lang='lat' dir='ltr'><strong>aliquid</strong></span> <span class='ocrx_word' id='word_1_165' title='bbox 280 2210 452 2276; x_wconf 90' lang='lat' dir='ltr'><strong>concedere</strong></span> <span class='ocrx_word' id='word_1_166' title='bbox 475 2210 622 2275; x_wconf 88' lang='lat' dir='ltr'><strong>debuisse</strong></span> <span class='ocrx_word' id='word_1_167' title='bbox 643 2209 806 2275; x_wconf 90' lang='lat' dir='ltr'><strong>communi</strong></span> <span class='ocrx_word' id='word_1_168' title='bbox 827 2209 934 2275; x_wconf 89' lang='lat' dir='ltr'><strong>studio</strong></span> <span class='ocrx_word' id='word_1_169' title='bbox 957 2209 1041 2275; x_wconf 78' lang='lat' dir='ltr'><strong>inira</strong></span> <span class='ocrx_word' id='word_1_170' title='bbox 1062 2211 1237 2295; x_wconf 89' lang='lat' dir='ltr'><strong>apparebit.</strong></span> 
     </span>
    </p>
   </div>
   <div class='ocr_carea' id='block_1_4' title="bbox 134 2424 1303 4444">
    <p class='ocr_par' dir='ltr' id='par_1_5' title="bbox 134 2424 1303 4444">
     <span class='ocr_line' id='line_1_19' title="bbox 218 2424 1301 2508; baseline 0 -17"><span class='ocrx_word' id='word_1_171' title='bbox 218 2428 238 2507; x_wconf 65' lang='grc' dir='ltr'><strong>ἓ</strong></span> <span class='ocrx_word' id='word_1_172' title='bbox 261 2432 289 2491; x_wconf 88' lang='grc'><strong>4.</strong></span> <span class='ocrx_word' id='word_1_173' title='bbox 332 2424 473 2489; x_wconf 87' lang='lat' dir='ltr'><strong>Primam</strong></span> <span class='ocrx_word' id='word_1_174' title='bbox 495 2424 662 2490; x_wconf 89' lang='lat' dir='ltr'><strong>attulimus</strong></span> <span class='ocrx_word' id='word_1_175' title='bbox 683 2445 825 2501; x_wconf 88' lang='lat' dir='ltr'><strong>causam,</strong></span> <span class='ocrx_word' id='word_1_176' title='bbox 848 2445 905 2487; x_wconf 91' lang='lat' dir='ltr'><strong>cur</strong></span> <span class='ocrx_word' id='word_1_177' title='bbox 923 2445 991 2489; x_wconf 90' lang='lat' dir='ltr'><strong>rem</strong></span> <span class='ocrx_word' id='word_1_178' title='bbox 1012 2446 1070 2508; x_wconf 92' lang='lat' dir='ltr'><strong>per</strong></span> <span class='ocrx_word' id='word_1_179' title='bbox 1091 2447 1125 2490; x_wconf 92' lang='lat' dir='ltr'><strong>se</strong></span> <span class='ocrx_word' id='word_1_180' title='bbox 1145 2424 1301 2506; x_wconf 90' lang='lat' dir='ltr'><strong>inutilem,</strong></span> 
     </span>
     <span class='ocr_line' id='line_1_20' title="bbox 136 2530 1301 2618; baseline 0.003 -22"><span class='ocrx_word' id='word_1_181' title='bbox 136 2531 193 2596; x_wconf 89' lang='lat' dir='ltr'><strong>sed</strong></span> <span class='ocrx_word' id='word_1_182' title='bbox 213 2532 343 2597; x_wconf 90' lang='lat' dir='ltr'><strong>utilium</strong></span> <span class='ocrx_word' id='word_1_183' title='bbox 364 2534 623 2599; x_wconf 87' lang='lat' dir='ltr'><strong>observationum</strong></span> <span class='ocrx_word' id='word_1_184' title='bbox 645 2553 740 2617; x_wconf 88' lang='lat' dir='ltr'><strong>saepe</strong></span> <span class='ocrx_word' id='word_1_185' title='bbox 760 2530 1000 2615; x_wconf 77' lang='lat' dir='ltr'><strong>indagatricem,</strong></span> <span class='ocrx_word' id='word_1_186' title='bbox 1022 2531 1187 2598; x_wconf 91' lang='lat' dir='ltr'><strong>noluerint</strong></span> <span class='ocrx_word' id='word_1_187' title='bbox 1206 2534 1301 2618; x_wconf 92' lang='lat' dir='ltr'><strong>plane</strong></span> 
     </span>
     <span class='ocr_line' id='line_1_21' title="bbox 137 2637 1301 2707; baseline 0.003 -3"><span class='ocrx_word' id='word_1_188' title='bbox 137 2662 176 2704; x_wconf 86' lang='lat' dir='ltr'><strong>ex</strong></span> <span class='ocrx_word' id='word_1_189' title='bbox 195 2639 363 2705; x_wconf 91' lang='lat' dir='ltr'><strong>hominum</strong></span> <span class='ocrx_word' id='word_1_190' title='bbox 377 2640 532 2705; x_wconf 88' lang='lat' dir='ltr'><strong>memoria</strong></span> <span class='ocrx_word' id='word_1_191' title='bbox 546 2640 637 2705; x_wconf 92' lang='lat' dir='ltr'><strong>elabi.</strong></span> <span class='ocrx_word' id='word_1_192' title='bbox 674 2637 738 2706; x_wconf 85' lang='lat' dir='ltr'><strong>Sed</strong></span> <span class='ocrx_word' id='word_1_193' title='bbox 759 2637 954 2704; x_wconf 88' lang='lat' dir='ltr'><strong>efficaciores</strong></span> <span class='ocrx_word' id='word_1_194' title='bbox 968 2641 1076 2703; x_wconf 87' lang='lat' dir='ltr'><strong>tamen</strong></span> <span class='ocrx_word' id='word_1_195' title='bbox 1091 2639 1172 2705; x_wconf 87' lang='lat' dir='ltr'><strong>aliae</strong></span> <span class='ocrx_word' id='word_1_196' title='bbox 1188 2662 1301 2707; x_wconf 90' lang='lat' dir='ltr'><strong>causae</strong></span> 
     </span>
     <span class='ocr_line' id='line_1_22' title="bbox 136 2743 1301 2832; baseline 0.001 -20"><span class='ocrx_word' id='word_1_197' title='bbox 136 2751 228 2812; x_wconf 88' lang='lat' dir='ltr'><strong>erant</strong></span> <span class='ocrx_word' id='word_1_198' title='bbox 242 2750 338 2831; x_wconf 92' lang='lat' dir='ltr'><strong>atque</strong></span> <span class='ocrx_word' id='word_1_199' title='bbox 352 2748 474 2832; x_wconf 87' lang='lat' dir='ltr'><strong>&#39;partim</strong></span> <span class='ocrx_word' id='word_1_200' title='bbox 496 2748 602 2814; x_wconf 88' lang='lat' dir='ltr'><strong>decori</strong></span> <span class='ocrx_word' id='word_1_201' title='bbox 623 2770 660 2812; x_wconf 91' lang='lat' dir='ltr'><strong>ac</strong></span> <span class='ocrx_word' id='word_1_202' title='bbox 682 2745 831 2829; x_wconf 87' lang='lat' dir='ltr'><strong>dignitati</strong></span> <span class='ocrx_word' id='word_1_203' title='bbox 851 2743 1030 2810; x_wconf 87' lang='lat' dir='ltr'><strong>litterarum</strong></span> <span class='ocrx_word' id='word_1_204' title='bbox 1051 2745 1157 2811; x_wconf 90' lang='lat' dir='ltr'><strong>minus</strong></span> <span class='ocrx_word' id='word_1_205' title='bbox 1179 2767 1301 2812; x_wconf 91' lang='lat' dir='ltr'><strong>accom-</strong></span> 
     </span>
     <span class='ocr_line' id='line_1_23' title="bbox 136 2850 1302 2939; baseline 0.001 -20"><span class='ocrx_word' id='word_1_206' title='bbox 136 2855 293 2922; x_wconf 89' lang='lat' dir='ltr'><strong>modatae.</strong></span> <span class='ocrx_word' id='word_1_207' title='bbox 336 2855 528 2939; x_wconf 84' lang='lat' dir='ltr'><strong>Accepimus</strong></span> <span class='ocrx_word' id='word_1_208' title='bbox 556 2856 591 2920; x_wconf 92' lang='lat' dir='ltr'><strong>in</strong></span> <span class='ocrx_word' id='word_1_209' title='bbox 612 2853 828 2920; x_wconf 86' lang='lat' dir='ltr'><strong>Alexandrino</strong></span> <span class='ocrx_word' id='word_1_210' title='bbox 849 2850 963 2918; x_wconf 91' lang='lat' dir='ltr'><strong>Museo</strong></span> <span class='ocrx_word' id='word_1_211' title='bbox 994 2851 1129 2935; x_wconf 86' lang='lat' dir='ltr'><strong>aliisque</strong></span> <span class='ocrx_word' id='word_1_212' title='bbox 1153 2853 1234 2919; x_wconf 91' lang='lat' dir='ltr'><strong>locis</strong></span> <span class='ocrx_word' id='word_1_213' title='bbox 1261 2856 1302 2920; x_wconf 90' lang='lat' dir='ltr'><strong>ad</strong></span> 
     </span>
     <span class='ocr_line' id='line_1_24' title="bbox 135 2958 1302 3046; baseline 0.001 -21"><span class='ocrx_word' id='word_1_214' title='bbox 135 2961 402 3046; x_wconf 90' lang='lat' dir='ltr'><strong>philosophorum</strong></span> <span class='ocrx_word' id='word_1_215' title='bbox 421 2967 454 3028; x_wconf 91' lang='lat' dir='ltr'><strong>et</strong></span> <span class='ocrx_word' id='word_1_216' title='bbox 473 2963 639 3028; x_wconf 90' lang='lat' dir='ltr'><strong>rhetorum</strong></span> <span class='ocrx_word' id='word_1_217' title='bbox 659 2983 782 3026; x_wconf 88' lang='lat' dir='ltr'><strong>morem</strong></span> <span class='ocrx_word' id='word_1_218' title='bbox 801 2958 1027 3046; x_wconf 89' lang='lat' dir='ltr'><strong>grammaticos</strong></span> <span class='ocrx_word' id='word_1_219' title='bbox 1043 2980 1174 3043; x_wconf 92' lang='lat' dir='ltr'><strong>quoque</strong></span> <span class='ocrx_word' id='word_1_220' title='bbox 1189 2962 1302 3026; x_wconf 93' lang='lat' dir='ltr'><strong>ambu-</strong></span> 
     </span>
     <span class='ocr_line' id='line_1_25' title="bbox 135 3065 1301 3153; baseline 0.004 -21"><span class='ocrx_word' id='word_1_221' title='bbox 135 3067 241 3134; x_wconf 87' lang='lat' dir='ltr'><strong>lantes</strong></span> <span class='ocrx_word' id='word_1_222' title='bbox 256 3070 405 3136; x_wconf 89' lang='lat' dir='ltr'><strong>derebus</strong></span> <span class='ocrx_word' id='word_1_223' title='bbox 420 3070 486 3136; x_wconf 90' lang='lat' dir='ltr'><strong>suis</strong></span> <span class='ocrx_word' id='word_1_224' title='bbox 501 3069 734 3153; x_wconf 87' lang='lat' dir='ltr'><strong>disputationes</strong></span> <span class='ocrx_word' id='word_1_225' title='bbox 749 3067 936 3133; x_wconf 88' lang='lat' dir='ltr'><strong>instituisse.</strong></span> <span class='ocrx_word' id='word_1_226' title='bbox 972 3065 1088 3132; x_wconf 86' lang='lat' dir='ltr'><strong>Strabo</strong></span> <span class='ocrx_word' id='word_1_227' title='bbox 1105 3065 1182 3132; x_wconf 92' lang='lat' dir='ltr'><strong>XVI</strong></span> <span class='ocrx_word' id='word_1_228' title='bbox 1195 3091 1225 3152; x_wconf 89' lang='lat' dir='ltr'><strong>p.</strong></span> <span class='ocrx_word' id='word_1_229' title='bbox 1242 3074 1301 3136; x_wconf 83' lang='lat'><strong>793</strong></span> 
     </span>
     <span class='ocr_line' id='line_1_26' title="bbox 134 3166 1302 3260; baseline 0 -22"><span class='ocrx_word' id='word_1_230' title='bbox 134 3178 200 3239; x_wconf 81' lang='grc' dir='ltr'><strong>τῶν</strong></span> <span class='ocrx_word' id='word_1_231' title='bbox 219 3173 256 3241; x_wconf 78' lang='grc' dir='ltr'><strong>δὲ</strong></span> <span class='ocrx_word' id='word_1_232' title='bbox 276 3171 456 3260; x_wconf 78' lang='grc' dir='ltr'><em>βασιλείων</em></span> <span class='ocrx_word' id='word_1_233' title='bbox 475 3172 577 3260; x_wconf 83' lang='grc' dir='ltr'><strong><em>μέρος</em></strong></span> <span class='ocrx_word' id='word_1_234' title='bbox 598 3172 666 3240; x_wconf 77' lang='grc' dir='ltr'><strong><em>ἐστὶ</em></strong></span> <span class='ocrx_word' id='word_1_235' title='bbox 686 3172 801 3241; x_wconf 77' lang='grc' dir='ltr'><strong><em>καὶτὸ</em></strong></span> <span class='ocrx_word' id='word_1_236' title='bbox 824 3174 1002 3250; x_wconf 70' lang='grc' dir='ltr'><em>Μουσεῖον,</em></span> <span class='ocrx_word' id='word_1_237' title='bbox 1024 3166 1097 3252; x_wconf 62' lang='lat' dir='ltr'><strong>dicor</strong></span> <span class='ocrx_word' id='word_1_238' title='bbox 1118 3169 1302 3259; x_wconf 79' lang='grc' dir='ltr'><em>περίπατον</em></span> 
     </span>
     <span class='ocr_line' id='line_1_27' title="bbox 135 3279 1302 3369; baseline 0.002 -23"><span class='ocrx_word' id='word_1_239' title='bbox 135 3279 193 3348; x_wconf 86' lang='grc' dir='ltr'><strong>καὶ</strong></span> <span class='ocrx_word' id='word_1_240' title='bbox 214 3279 356 3369; x_wconf 77' lang='grc' dir='ltr'><strong>ἐξέδραν.</strong></span> <span class='ocrx_word' id='word_1_241' title='bbox 394 3282 538 3362; x_wconf 82' lang='lat' dir='ltr'><strong>Quorum</strong></span> <span class='ocrx_word' id='word_1_242' title='bbox 562 3305 658 3348; x_wconf 91' lang='lat' dir='ltr'><strong>usum</strong></span> <span class='ocrx_word' id='word_1_243' title='bbox 678 3281 934 3349; x_wconf 90' lang='lat' dir='ltr'><strong>ambulacrorum</strong></span> <span class='ocrx_word' id='word_1_244' title='bbox 959 3302 1032 3345; x_wconf 92' lang='lat' dir='ltr'><strong>cum</strong></span> <span class='ocrx_word' id='word_1_245' title='bbox 1052 3286 1217 3366; x_wconf 87' lang='lat' dir='ltr'><strong>praeterea</strong></span> <span class='ocrx_word' id='word_1_246' title='bbox 1242 3305 1302 3348; x_wconf 89' lang='lat' dir='ltr'><strong>no·</strong></span> 
     </span>
     <span class='ocr_line' id='line_1_28' title="bbox 135 3389 1302 3475; baseline -0.001 -19"><span class='ocrx_word' id='word_1_247' title='bbox 135 3396 206 3456; x_wconf 91' lang='lat' dir='ltr'><strong>tum</strong></span> <span class='ocrx_word' id='word_1_248' title='bbox 226 3392 391 3470; x_wconf 88' lang='lat' dir='ltr'><strong>habemus,</strong></span> <span class='ocrx_word' id='word_1_249' title='bbox 411 3395 481 3456; x_wconf 89' lang='lat' dir='ltr'><strong>tum</strong></span> <span class='ocrx_word' id='word_1_250' title='bbox 503 3413 542 3458; x_wconf 85' lang='lat' dir='ltr'><strong>ex</strong></span> <span class='ocrx_word' id='word_1_251' title='bbox 562 3390 710 3457; x_wconf 88' lang='lat' dir='ltr'><strong>Vitruvio</strong></span> <span class='ocrx_word' id='word_1_252' title='bbox 725 3389 757 3456; x_wconf 83' lang='lat' dir='ltr'>V</span> <span class='ocrx_word' id='word_1_253' title='bbox 774 3399 821 3468; x_wconf 87' lang='lat'><strong>11,</strong></span> <span class='ocrx_word' id='word_1_254' title='bbox 844 3391 882 3456; x_wconf 93' lang='lat' dir='ltr'><strong>de</strong></span> <span class='ocrx_word' id='word_1_255' title='bbox 903 3389 1071 3475; x_wconf 89' lang='lat' dir='ltr'><strong>palaestris</strong></span> <span class='ocrx_word' id='word_1_256' title='bbox 1093 3389 1218 3455; x_wconf 89' lang='lat' dir='ltr'><strong>dicente</strong></span> <span class='ocrx_word' id='word_1_257' title='bbox 1240 3390 1302 3456; x_wconf 93' lang='lat' dir='ltr'><strong>hoc</strong></span> 
     </span>
     <span class='ocr_line' id='line_1_29' title="bbox 136 3498 1301 3583; baseline 0 -20"><span class='ocrx_word' id='word_1_258' title='bbox 136 3499 247 3564; x_wconf 89' lang='lat' dir='ltr'><strong>modo:</strong></span> <span class='ocrx_word' id='word_1_259' title='bbox 281 3500 521 3565; x_wconf 89' lang='lat' dir='ltr'><strong>constituuntur</strong></span> <span class='ocrx_word' id='word_1_260' title='bbox 546 3501 654 3564; x_wconf 89' lang='lat' dir='ltr'><strong>autem</strong></span> <span class='ocrx_word' id='word_1_261' title='bbox 682 3498 717 3563; x_wconf 93' lang='lat' dir='ltr'><strong>in</strong></span> <span class='ocrx_word' id='word_1_262' title='bbox 744 3498 846 3564; x_wconf 86' lang='lat' dir='ltr'><strong>tribus</strong></span> <span class='ocrx_word' id='word_1_263' title='bbox 873 3499 1051 3583; x_wconf 82' lang='lat' dir='ltr'><strong>porticibus</strong></span> <span class='ocrx_word' id='word_1_264' title='bbox 1073 3498 1206 3563; x_wconf 85' lang='lat' dir='ltr'><strong>exedrae</strong></span> <span class='ocrx_word' id='word_1_265' title='bbox 1228 3520 1301 3582; x_wconf 89' lang='lat' dir='ltr'><strong>spa-</strong></span> 
     </span>
     <span class='ocr_line' id='line_1_30' title="bbox 137 3605 1302 3692; baseline -0.002 -21"><span class='ocrx_word' id='word_1_266' title='bbox 137 3606 253 3686; x_wconf 87' lang='lat' dir='ltr'><strong>tiosae,</strong></span> <span class='ocrx_word' id='word_1_267' title='bbox 277 3607 312 3671; x_wconf 90' lang='lat' dir='ltr'><strong>in</strong></span> <span class='ocrx_word' id='word_1_268' title='bbox 339 3607 455 3691; x_wconf 90' lang='lat' dir='ltr'><strong>quibus</strong></span> <span class='ocrx_word' id='word_1_269' title='bbox 480 3605 678 3692; x_wconf 90' lang='lat' dir='ltr'><strong>philosophi,</strong></span> <span class='ocrx_word' id='word_1_270' title='bbox 709 3605 855 3671; x_wconf 92' lang='lat' dir='ltr'><strong>rhetores</strong></span> <span class='ocrx_word' id='word_1_271' title='bbox 883 3605 1078 3689; x_wconf 88' lang='lat' dir='ltr'><strong>reliquique,</strong></span> <span class='ocrx_word' id='word_1_272' title='bbox 1106 3605 1161 3689; x_wconf 94' lang='lat' dir='ltr'><strong>qui</strong></span> <span class='ocrx_word' id='word_1_273' title='bbox 1188 3605 1302 3670; x_wconf 89' lang='lat' dir='ltr'><strong>studiis</strong></span> 
     </span>
     <span class='ocr_line' id='line_1_31' title="bbox 136 3711 1303 3799; baseline -0.002 -21"><span class='ocrx_word' id='word_1_274' title='bbox 136 3713 348 3794; x_wconf 89' lang='lat' dir='ltr'><strong>delectantur,</strong></span> <span class='ocrx_word' id='word_1_275' title='bbox 374 3715 521 3779; x_wconf 88' lang='lat' dir='ltr'><strong>sedentes</strong></span> <span class='ocrx_word' id='word_1_276' title='bbox 549 3714 710 3799; x_wconf 86' lang='lat' dir='ltr'><strong>disputare</strong></span> <span class='ocrx_word' id='word_1_277' title='bbox 734 3712 869 3798; x_wconf 89' lang='lat' dir='ltr'><strong>possint.</strong></span> <span class='ocrx_word' id='word_1_278' title='bbox 911 3713 993 3778; x_wconf 87' lang='lat' dir='ltr'><strong>Rem</strong></span> <span class='ocrx_word' id='word_1_279' title='bbox 1014 3712 1107 3776; x_wconf 89' lang='lat' dir='ltr'><strong>docte</strong></span> <span class='ocrx_word' id='word_1_280' title='bbox 1128 3711 1303 3777; x_wconf 87' lang='lat' dir='ltr'><strong>illustravit</strong></span> 
     </span>
     <span class='ocr_line' id='line_1_32' title="bbox 136 3818 1302 3904; baseline -0.003 -17"><span class='ocrx_word' id='word_1_281' title='bbox 136 3821 315 3888; x_wconf 79' lang='lat' dir='ltr'><strong>Gronovius</strong></span> <span class='ocrx_word' id='word_1_282' title='bbox 339 3822 376 3887; x_wconf 89' lang='lat' dir='ltr'><strong>de</strong></span> <span class='ocrx_word' id='word_1_283' title='bbox 398 3821 481 3887; x_wconf 90' lang='lat' dir='ltr'><strong>Mus.</strong></span> <span class='ocrx_word' id='word_1_284' title='bbox 499 3821 594 3887; x_wconf 70' lang='lat' dir='ltr'><strong>&#39;Alea</strong></span> <span class='ocrx_word' id='word_1_285' title='bbox 616 3820 650 3885; x_wconf 92' lang='lat' dir='ltr'><strong>in</strong></span> <span class='ocrx_word' id='word_1_286' title='bbox 672 3819 767 3886; x_wconf 79' lang='lat' dir='ltr'><strong>Thes.</strong></span> <span class='ocrx_word' id='word_1_287' title='bbox 790 3818 886 3887; x_wconf 68' lang='lat' dir='ltr'><strong>(aron.</strong></span> <span class='ocrx_word' id='word_1_288' title='bbox 909 3819 946 3885; x_wconf 81' lang='grc' dir='ltr'><strong>Τ.</strong></span> <span class='ocrx_word' id='word_1_289' title='bbox 968 3818 1047 3886; x_wconf 91' lang='lat' dir='ltr'><strong>VIII</strong></span> <span class='ocrx_word' id='word_1_290' title='bbox 1067 3841 1098 3904; x_wconf 91' lang='lat' dir='ltr'><strong>p.</strong></span> <span class='ocrx_word' id='word_1_291' title='bbox 1113 3824 1204 3886; x_wconf 78' lang='lat'><strong>2742.</strong></span> <span class='ocrx_word' id='word_1_292' title='bbox 1239 3819 1302 3884; x_wconf 92' lang='lat' dir='ltr'><strong>Hic</strong></span> 
     </span>
     <span class='ocr_line' id='line_1_33' title="bbox 134 3926 1302 4016; baseline -0.002 -22"><span class='ocrx_word' id='word_1_293' title='bbox 134 3929 235 4016; x_wconf 86' lang='lat' dir='ltr'><strong>igitur</strong></span> <span class='ocrx_word' id='word_1_294' title='bbox 256 3951 450 4013; x_wconf 91' lang='lat' dir='ltr'><strong>quamquam</strong></span> <span class='ocrx_word' id='word_1_295' title='bbox 472 3929 506 3992; x_wconf 88' lang='lat' dir='ltr'><strong>in</strong></span> <span class='ocrx_word' id='word_1_296' title='bbox 526 3932 654 4015; x_wconf 87' lang='lat' dir='ltr'><strong>vegeta,</strong></span> <span class='ocrx_word' id='word_1_297' title='bbox 684 3950 749 4011; x_wconf 88' lang='lat' dir='ltr'><strong>qua</strong></span> <span class='ocrx_word' id='word_1_298' title='bbox 773 3927 918 4013; x_wconf 88' lang='lat' dir='ltr'><strong>plerique</strong></span> <span class='ocrx_word' id='word_1_299' title='bbox 939 3927 1126 4006; x_wconf 88' lang='lat' dir='ltr'><strong>utebantur,</strong></span> <span class='ocrx_word' id='word_1_300' title='bbox 1148 3926 1302 3992; x_wconf 88' lang='lat' dir='ltr'><strong>memoria</strong></span> 
     </span>
     <span class='ocr_line' id='line_1_34' title="bbox 134 4034 1301 4121; baseline -0.003 -20"><span class='ocrx_word' id='word_1_301' title='bbox 134 4036 370 4121; x_wconf 89' lang='lat' dir='ltr'><strong>multiplicique</strong></span> <span class='ocrx_word' id='word_1_302' title='bbox 400 4036 545 4102; x_wconf 86' lang='lat' dir='ltr'><strong>doctrina</strong></span> <span class='ocrx_word' id='word_1_303' title='bbox 570 4036 737 4120; x_wconf 87' lang='lat' dir='ltr'><strong>aliquanto</strong></span> <span class='ocrx_word' id='word_1_304' title='bbox 768 4036 894 4101; x_wconf 89' lang='lat' dir='ltr'><strong>doctius</strong></span> <span class='ocrx_word' id='word_1_305' title='bbox 920 4057 1017 4120; x_wconf 90' lang='lat' dir='ltr'><strong>quam</strong></span> <span class='ocrx_word' id='word_1_306' title='bbox 1042 4034 1139 4100; x_wconf 91' lang='lat' dir='ltr'><strong>hodie</strong></span> <span class='ocrx_word' id='word_1_307' title='bbox 1170 4034 1301 4099; x_wconf 88' lang='lat' dir='ltr'><strong>evadere</strong></span> 
     </span>
     <span class='ocr_line' id='line_1_35' title="bbox 134 4140 1301 4229; baseline -0.005 -20"><span class='ocrx_word' id='word_1_308' title='bbox 134 4146 262 4229; x_wconf 89' lang='lat' dir='ltr'><strong>poterat</strong></span> <span class='ocrx_word' id='word_1_309' title='bbox 288 4144 475 4229; x_wconf 88' lang='lat' dir='ltr'><strong>disputatio,</strong></span> <span class='ocrx_word' id='word_1_310' title='bbox 506 4148 617 4229; x_wconf 87' lang='lat' dir='ltr'><strong>atque,</strong></span> <span class='ocrx_word' id='word_1_311' title='bbox 642 4146 680 4207; x_wconf 93' lang='lat' dir='ltr'><strong>ut</strong></span> <span class='ocrx_word' id='word_1_312' title='bbox 701 4165 766 4208; x_wconf 93' lang='lat' dir='ltr'><strong>non</strong></span> <span class='ocrx_word' id='word_1_313' title='bbox 787 4164 852 4207; x_wconf 90' lang='lat' dir='ltr'><strong>uno</strong></span> <span class='ocrx_word' id='word_1_314' title='bbox 879 4144 950 4208; x_wconf 91' lang='lat' dir='ltr'><strong>loco</strong></span> <span class='ocrx_word' id='word_1_315' title='bbox 973 4146 1107 4226; x_wconf 89' lang='lat' dir='ltr'><strong>apparet</strong></span> <span class='ocrx_word' id='word_1_316' title='bbox 1128 4163 1167 4206; x_wconf 88' lang='lat' dir='ltr'><strong>ex</strong></span> <span class='ocrx_word' id='word_1_317' title='bbox 1188 4140 1301 4219; x_wconf 76' lang='lat' dir='ltr'><strong>Gellio,</strong></span> 
     </span>
     <span class='ocr_line' id='line_1_36' title="bbox 134 4239 1301 4336; baseline -0.003 -21"><span class='ocrx_word' id='word_1_318' title='bbox 134 4274 168 4318; x_wconf 91' lang='lat' dir='ltr'><strong>re</strong></span> <span class='ocrx_word' id='word_1_319' title='bbox 187 4274 262 4316; x_wconf 90' lang='lat' dir='ltr'><strong>vera</strong></span> <span class='ocrx_word' id='word_1_320' title='bbox 276 4239 384 4333; x_wconf 86' lang='lat' dir='ltr'><strong>evasit,</strong></span> <span class='ocrx_word' id='word_1_321' title='bbox 405 4255 443 4317; x_wconf 93' lang='lat' dir='ltr'><strong>ut</strong></span> <span class='ocrx_word' id='word_1_322' title='bbox 463 4251 558 4316; x_wconf 89' lang='lat' dir='ltr'><strong>nimis</strong></span> <span class='ocrx_word' id='word_1_323' title='bbox 580 4251 690 4336; x_wconf 91' lang='lat' dir='ltr'><strong>inique</strong></span> <span class='ocrx_word' id='word_1_324' title='bbox 711 4250 750 4315; x_wconf 91' lang='lat' dir='ltr'><strong>de</strong></span> <span class='ocrx_word' id='word_1_325' title='bbox 773 4249 835 4315; x_wconf 91' lang='lat' dir='ltr'><strong>hoc</strong></span> <span class='ocrx_word' id='word_1_326' title='bbox 856 4271 974 4335; x_wconf 86' lang='lat' dir='ltr'><strong>genere</strong></span> <span class='ocrx_word' id='word_1_327' title='bbox 997 4249 1171 4316; x_wconf 82' lang='lat' dir='ltr'><strong>existimari</strong></span> <span class='ocrx_word' id='word_1_328' title='bbox 1191 4247 1301 4325; x_wconf 87' lang='lat' dir='ltr'><strong>nolim,</strong></span> 
     </span>
     <span class='ocr_line' id='line_1_37' title="bbox 135 4354 1301 4444; baseline -0.008 -19"><span class='ocrx_word' id='word_1_329' title='bbox 135 4382 329 4444; x_wconf 89' lang='lat' dir='ltr'><strong>quamquam</strong></span> <span class='ocrx_word' id='word_1_330' title='bbox 356 4360 395 4425; x_wconf 94' lang='lat' dir='ltr'><strong>de</strong></span> <span class='ocrx_word' id='word_1_331' title='bbox 416 4359 511 4425; x_wconf 90' lang='lat' dir='ltr'><strong>rebus</strong></span> <span class='ocrx_word' id='word_1_332' title='bbox 533 4359 574 4424; x_wconf 92' lang='lat' dir='ltr'><strong>ad</strong></span> <span class='ocrx_word' id='word_1_333' title='bbox 594 4358 775 4424; x_wconf 82' lang='lat' dir='ltr'><strong>universam</strong></span> <span class='ocrx_word' id='word_1_334' title='bbox 800 4357 1041 4442; x_wconf 88' lang='lat' dir='ltr'><strong>grammaticam</strong></span> <span class='ocrx_word' id='word_1_335' title='bbox 1066 4354 1301 4440; x_wconf 85' lang='lat' dir='ltr'><strong>pertinentibus</strong></span> 
     </span>
    </p>
   </div>
   <div class='ocr_carea' id='block_1_5' title="bbox 0 0 1509 4980">
    <p class='ocr_par' dir='ltr' id='par_1_6' title="bbox 0 0 1509 4980">
     <span class='ocr_line' id='line_1_38' title="bbox 0 0 1509 4980; baseline 0 0"><span class='ocrx_word' id='word_1_336' title='bbox 0 0 1509 4980; x_wconf 95' lang='lat' dir='ltr'><strong> </strong></span> 
     </span>
    </p>
   </div>
  </div>
 </body>
</html>
