3008 4980
669 329 692 379 3.
716 318 807 378 θύειν.
1262 328 1301 390 83

135 490 173 557 τὸ
188 484 327 580 σφάξαι,
351 487 408 554 καί
420 513 458 554 το
474 491 643 570 θυμιᾶσαι
658 482 736 573 παρ’
749 483 893 578 Ὁμήρῳ.
923 488 975 554 Sic
990 490 1180 553 Ammonius
1195 512 1225 572 p.
1244 495 1301 555 132

135 594 264 686 σφάξαι
284 596 341 664 καί
362 601 468 662 θᾶσαι
490 592 654 684 διαφέρει.
682 600 790 662 θᾶσαι
807 594 867 678 μέν
887 591 948 680 γάρ
970 591 1040 659 ἐστι
1060 592 1098 661 τὸ
1120 598 1300 676 θυμιᾶσαι,

136 702 265 794 σφάξαι
288 702 324 770 δέ
344 703 382 771 τὸ
405 698 613 791 ῖερουργῆσαί
632 727 666 768 τι
688 701 780 782 ζῶον.
818 701 874 770 καί
887 698 1036 790 Ὅμηρος
1055 700 1112 789 τὴν
1135 698 1303 790 διαφορὰν

135 809 324 902 τετήρηκεν,
358 809 461 889 οὕτως
487 809 547 894 μέν
573 815 680 876 θᾶσαι
702 805 805 876 εἰπὼν
834 813 974 890 ,,θεοῖσι
996 806 1032 874 δέ
1053 811 1161 874 θᾶσαι
1182 802 1304 893 ἀνώγει

138 959 175 970 -
198 915 353 1007 θυηλάςίί
380 915 437 984 ἐπὶ
462 922 521 985 τοῦ
542 921 723 1001 θυμιᾶσαι,
747 913 875 1008 σφάξαι
897 914 992 984 δέέθῑ
1016 908 1084 996 „aa
1105 911 1223 1000 ἔρυσαν
1244 911 1303 998 μὲν

136 1031 254 1112 πρᾶτα
274 1026 331 1093 καί
352 1023 499 1116 ἔσφαξαν
520 1024 577 1091 καί
596 1020 753 1113 έδειραν“
775 1029 829 1114 <A
850 1027 937 1112 459).
979 1027 1108 1092 Bekker
1127 1025 1189 1090 An.
1212 1047 1241 1109 p.
1263 1030 1303 1091 42

137 1139 245 1201 θῦσαι
266 1129 339 1202 ἀντὶ
359 1139 418 1201 τοῦ
439 1136 608 1212 θυμιᾶσαι

759 1244 872 1307 θεοῖσι
897 1238 934 1306 δέ
954 1244 1061 1306 θᾶσαι
1082 1233 1202 1322 ἀνώγει

241 1342 439 1435 Πάτροκλον
461 1339 498 1415 δν
520 1344 662 1433 ἑταῖρον
683 1343 702 1415 δ
725 1343 757 1414 δ’
782 1346 816 1414 έν
838 1346 918 1432 πυρὶ
938 1343 1043 1432 βάλλε
1064 1343 1204 1436 θυηλάς,

138 1454 227 1543 λέγει
254 1453 291 1521 δέ
311 1455 443 1542 θυηλὰς
466 1455 527 1535 τὰς
548 1450 700 1541 ἀπαρχὰς
723 1460 787 1521 τῶν
811 1452 1004 1539 τεθυμένων
1024 1449 1161 1540 ἱερείων.
1192 1451 1249 1519 καί
1271 1450 1369 1539 ε’ν(93)
1485 1538 1490 1549 .

137 1568 178 1654 τῇ
202 1558 324 1652 ἀρχαίᾳ
349 1561 510 1653 κωμῳδίᾳ
534 1563 572 1632 τὸ
601 1568 707 1629 θᾶσαι
734 1557 806 1630 άντί
833 1567 893 1629 τοῦ
920 1567 1099 1647 θυμιᾶσαι.
1145 1563 1192 1630 lb.
1215 1586 1244 1648 p.
1266 1569 1306 1629 44

138 1666 297 1756 ἱερώσυνα
334 1670 376 1736 τὰ
409 1675 480 1751 τοῖς
510 1674 606 1750 θεοῖς
639 1667 856 1757 ἒξαιροάμενα
889 1666 972 1759 μέρη
1010 1667 1067 1736 καί
1099 1665 1306 1753 θυμιώμενα.

131 1776 285 1866 ’Όμηρος
303 1783 401 1846 τοῦτο
421 1775 572 1863 διδάσκει
593 1783 738 1866 πρῶτον·
766 1782 881 1846 θεοῖσι
901 1776 938 1844 δὲ
959 1784 1031 1846 cett.
1067 1773 1223 1863 βούλεται
1245 1775 1306 1863 γὰρ

138 1882 245 1970 λέγειν
269 1884 329 1964 τὰς
355 1878 507 1970 ἀπαρχὰς
532 1891 596 1953 τῶν
622 1884 657 1953 ἐν
683 1892 722 1979 τῇ
749 1882 870 1976 εᾶωχίᾳ
895 1881 1191 1972 παρατιθεμένων,
1225 1879 1306 1968 ὅπερ

139 1988 284 2060 εἰώθασι
298 1997 420 2074 ποιεῖν,
437 1992 517 2061 ὅταν
530 1993 785 2083 προσφέρωνται
798 1988 935 2086 τροφήν.
957 1995 1075 2061 Athen.
1085 1994 1143 2061 Vr
1154 1992 1306 2078 <p.179b>
1325 2012 1356 2063 83

138 2099 196 2168 καί
220 2099 287 2187 πρὸ
314 2106 374 2194 τοῦι
392 2105 585 2168 θοινᾶσθαι
607 2100 644 2168 δέ
670 2094 693 2167 δι’
716 2105 766 2169 δεῖ
786 2106 897 2169 ποιεῖν
916 2099 1007 2190 ἡμᾶς
1029 2095 1182 2166 διδάσκει
1202 2093 1308 2164 πάλιν

131 2206 294 2297 Ὅμηρος,
322 2202 475 2296 ᾶπαρχδις
500 2214 565 2276 τῶν
591 2205 775 2296 βρωμάτων
801 2207 911 2294 νέμειν
935 2212 1005 2288 τοῖς
1031 2211 1136 2287 θεοῖς.
1176 2202 1208 2274 οῖ
1228 2210 1309 2292 γοῦν

138 2316 216 2404 περὶ
228 2314 287 2383 τὸν
298 2310 471 2396 Ὀδυσσέα,
493 2315 614 2406 καίπερ
636 2310 783 2411 δντεςὶέν
803 2320 850 2405 τῷ
870 2320 930 2384 τοᾶ
944 2310 1134 2394 Κύκλωπος
1153 2309 1309 2402 σπηλαίῳ

306 2420 431 2490 ἐνθάδε
449 2428 515 2511 πῦρ
536 2421 682 2504 κείαντες
703 2421 882 2508 έθάσαμεν,
906 2419 966 2511 ἠδέ
987 2422 1044 2491 καί
1065 2418 1160 2490 αὐτοί

305 2535 409 2615 τυρῶν
431 2527 603 2615 αἰνύμενοι
622 2529 780 2623 φάγομεν.

139 2636 198 2704 καί
219 2631 228 2659 ‘
246 2632 424 2720 Ἀχιλλεύς,
448 2636 569 2729 καίπερ
592 2638 816 2728 ἐπειγομένων
836 2644 901 2706 τοῖν
920 2636 1102 2726 πρέσβεων,
1128 2631 1173 2716 ὡς
1194 2635 1229 2703 ἒν
1249 2633 1309 2720 μέ-

140 2769 217 2825 σαις
240 2745 326 2828 νυξὶν
346 2741 501 2835 ἡκόντων,
523 2746 614 2833 ὅμως

461 2859 576 2923 θεοῖσι
597 2853 633 2922 δέ
655 2860 761 2922 θῦσαι
783 2850 904 2942 ἀνάγει
924 2860 998 2922 cett.

225 2963 374 3029 Ceterum
396 2988 435 3031 ex
455 2965 506 3031 his
528 2968 810 3054 grammaticorum
831 2965 926 3046 locis,
948 2964 1065 3049 quibus
1086 2962 1184 3028 addas
1205 2960 1310 3045 Hesy-

142 3073 250 3136 chium
283 3075 389 3138 θᾶσαι
419 3067 639 3155 ἀπάρξασθαι
670 3077 841 3156 θυμιᾶσαι
866 3064 1046 3148 θυσιάσαι,
1081 3072 1228 3155 apertum
1254 3071 1311 3145 est

142 3181 313 3260 θυμιᾶσαι
335 3182 515 3268 significare
537 3184 570 3248 in
593 3184 750 3250 honorem
777 3183 910 3247 deorum
933 3179 1090 3266 quidquid
1111 3180 1160 3246 est
1182 3167 1311 3257 ᾶπαργ-

141 3283 270 3368 μάτων,
292 3310 333 3353 ne
359 3290 397 3354 de
416 3291 493 3356 solis
515 3291 708 3356 suffimentis
730 3290 860 3373 cogites,
882 3288 1029 3353 flammae
1051 3285 1189 3349 iniicere.
1226 3281 1311 3347 Usus

143 3417 181 3459 aa
201 3396 388 3478 paraphrasi
408 3398 442 3461 in
464 3398 637 3465 Homerico
659 3395 755 3462 θύειν
775 3397 991 3472 Aristarchus,
1021 3397 1054 3458 et
1075 3393 1102 3457 si
1123 3391 1207 3456 forte
1227 3389 1312 3453 ultra

142 3522 210 3566 non
231 3502 343 3582 valuit,
375 3505 462 3588 quod
490 3509 597 3572 tamen
623 3509 793 3590 procerte
821 3526 887 3569 non
910 3502 1056 3578 dixerim,
1084 3502 1122 3564 ut
1143 3521 1169 3563 e.
1190 3518 1221 3583 g.
1243 3497 1312 3561 eius

141 3631 221 3674 usus
243 3632 312 3675 esse
334 3633 399 3676 non
419 3618 530 3697 posset
552 3635 570 3677 ο
592 3619 668 3690 222,
690 3612 747 3677 ubi
767 3634 825 3696 per
847 3613 953 3675 θᾶσαι
974 3611 1011 3674 ut
1032 3629 1071 3673 ex
1091 3630 1119 3670 v.
1141 3610 1202 3672 258
1223 3607 1313 3688 patet

142 3715 336 3802 intelligitur
356 3720 465 3785 oblata
485 3715 629 3805 σπονδή,
650 3718 834 3786 adhibuisse
855 3717 1018 3802 putandus
1040 3715 1100 3780 erit
1121 3711 1314 3776 vocabulum

143 3817 372 3907 ἀπάρξασθαι.
409 3827 617 3893 Substantiva
636 3827 736 3912 igitur
750 3828 791 3891 ad
810 3829 916 3890 θᾶσαι
939 3827 1016 3890 sunt
1037 3814 1164 3904 θυηλαί
1185 3822 1218 3883 et
1236 3815 1313 3902 θίνη.

143 3930 216 3996 Ηοο
239 3938 341 4013 0261,
363 3935 420 4000 ubi
434 3934 688 4021 Theoelymenos
704 3934 932 3999 Telemachum
952 3929 1119 3996 inveniens
1140 3916 1312 3990 σπένδοντ’

144 4030 319 4121 εὐχόμενόν
336 4062 372 4104 τε
391 4044 460 4130 θοῇ
482 4040 575 4126 παρὰ
598 4039 650 4128 νηί
669 4035 811 4129 μελαίνῃ
833 4041 879 4106 sie
900 4038 1058 4124 loquitur:
1081 4025 1109 4097 αῖ
1132 4026 1215 4122 φίλ’,
1241 4026 1317 4097 ἐπεί

143 4163 182 4209 σε
209 4138 337 4212 θέοντα
365 4142 488 4231 κιχάνω
518 4143 598 4236 τῷδ’
628 4146 677 4214 ἑνί
700 4143 814 4234 χώρῳ,
844 4137 972 4228 λίσσομ>
1005 4138 1090 4227 ὑπὲρ
1119 4137 1232 4206 θυέων
1260 4134 1316 4203 καί

213 4385 257 4426 τοι
277 4383 366 4453 <Libri
385 4401 439 4439 am.
458 4385 600 4453 θυμιᾶσαι
618 4385 647 4438 et
664 4380 718 4451 δέ.)
1074 4446 1107 4499 6,
