3008 4980
211 342 271 405 334
512 333 543 387 V.
568 330 608 386 De
627 330 728 387 criticis
746 332 899 388 Aristarchi
916 331 1079 389 rationibus.

212 503 353 587 spuriam
364 501 489 566 censuit
502 500 590 564 illam
603 500 739 565 Achillis
752 501 931 566 orationem
946 493 1131 584 οἰνοβαρές,
1148 495 1247 575 κννδς
1261 491 1381 581 όμματ)

212 603 293 688 έχων
315 611 368 691 (Α
389 613 449 675 225
471 611 532 691 sq.)
557 649 597 658 -
625 631 665 674 ne
694 608 790 674 aliam
811 631 945 695 quaeras
968 631 1104 674 causam.
1147 606 1192 672 Et
1213 606 1278 672 alia
1299 607 1384 672 eius·

213 717 286 782 dem
313 716 440 801 generis
465 716 678 781 invenientur.
721 715 774 782 Sic
795 719 835 779 Π
853 721 894 785 89
915 716 1059 782 Achilles
1087 715 1128 780 ad
1152 714 1315 800 proelium
1337 714 1384 779 di-

212 824 344 888 mittens
365 821 551 888 Patroclum
572 824 651 889 haec
673 823 751 888 dicit

293 927 338 1013 μὴ
363 922 402 993 σό
425 923 451 1013 γ’
478 923 618 994 άνεοθεν
641 926 733 1012 ἐμεῖο
755 926 954 996 λιλαίεσθαι
975 926 1169 1013 πολεμίζειν

298 1034 408 1121 Τρωσί
429 1034 744 1123 φιλοπτολέμοισιν·
768 1031 965 1124 ἀτιμότερον
988 1035 1027 1104 δέ
1046 1061 1088 1120 με
1110 1030 1246 1124 θήσεις·

293 1136 371 1230 μηδ’
396 1137 669 1228 ἐπαγαλλόμενος
690 1143 829 1232 πολέμῳ
851 1145 908 1211 καί
929 1145 1080 1233 δηϊοτῆτι

298 1254 414 1334 Τρῶας
435 1246 649 1337 ἐναιρόμενος
668 1251 768 1337 προτὶ
779 1247 885 1319 Ἴλιον
907 1248 1135 1341 ηγεμονεόεινι

213 1354 245 1446 (ἡ
274 1358 381 1445 διπλῆ
405 1357 665 1445 περιεστιγμένη)
698 1356 750 1426 ότι
778 1354 966 1446 Ζηνόδοτος
994 1365 1110 1428 τοῦτον
1142 1357 1200 1424 καί
1225 1354 1284 1423 τὸν
1311 1351 1388 1442 ἑξῆς

211 1459 319 1552 ἦρκεν,
343 1463 508 1553 πεποίηκε
529 1465 566 1532 δέ
585 1465 688 1546 οίίτως
709 1466 780 1555 ,μὴ
805 1462 844 1534 σό
864 1462 891 1552 γ’
914 1461 1145 1553 ἀγαλλόμενος
1166 1461 1307 1551 πολέμῳ
1329 1461 1386 1528 καί

213 1576 404 1661 δηϊοτῆτιῑί,
433 1569 472 1640 ἵν’
497 1571 665 1664 ἐπιβάλλῃ
687 1571 707 1663 η
732 1573 898 1645 σονέπεια.
942 1570 1120 1661 ἀναγκαῖοι
1142 1570 1180 1640 δέ
1199 1568 1278 1639 εἶσι·
1307 1592 1386 1637 σκο-

212 1682 278 1761 πὸς
295 1680 357 1769 γὰρ
379 1686 426 1770 τῷ
438 1676 586 1764 Ἀχιλλεῖ
604 1682 650 1771 μὴ
676 1677 891 1771 άτιμωθῆναι
911 1677 1029 1750 τοότον
1050 1677 1387 1770 κατεαημερησαντος.

213 1791 248 1858 si
269 1792 408 1858 dubitari
429 1796 550 1878 posset,
575 1793 655 1858 haec
676 1793 800 1872 ultima,
829 1793 946 1877 quibus
969 1792 1201 1869 defenduntur,
1221 1791 1388 1876 pateface-

212 1904 285 1965 rent
306 1923 362 1966 cur
383 1899 567 1966 Zenodotus
590 1923 644 1966 eos
667 1901 876 1980 damnaverit,
898 1924 940 1967 sc.
962 1923 1003 1965 ne
1025 1899 1161 1966 Achillis
1183 1899 1307 1965 invidia
1327 1921 1387 1983 pa-

213 2012 303 2074 teret.
345 2008 408 2073 Vel
432 2008 467 2071 in
489 2007 656 2073 Thersitae
682 2031 819 2094 persona
849 2009 1006 2093 quaedam
1035 2008 1064 2074 ei
1091 2009 1228 2073 nimium
1248 2005 1389 2071 ridicula

214 2137 273 2180 nec
293 2115 424 2180 ferenda
443 2115 523 2195 visa,
552 2116 650 2181 schol.
672 2119 701 2178 B
722 2122 792 2183 227.
815 2121 884 2184 231.
932 2116 1088 2199 Videmus
1114 2115 1287 2180 inhaere
1311 2113 1390 2177 Ari-

214 2223 333 2287 starchi
354 2222 508 2287 iudicium
530 2223 595 2287 iam
615 2224 747 2289 liberius
769 2223 882 2290 fuisse:
915 2228 1057 2290 attamen
1080 2222 1274 2309 quibusdam
1295 2222 1390 2287 simi-

213 2330 299 2395 libus
322 2329 463 2396 offensus
485 2334 548 2411 est,
577 2353 659 2415 quae
679 2331 777 2397 hodie
804 2333 838 2397 in
860 2331 995 2398 Homeri
1017 2331 1223 2415 simplicitate
1244 2329 1391 2396 ferimus.

213 2438 258 2503 Et
279 2439 423 2522 quidem,
448 2438 536 2522 quod
561 2439 770 2505 memorabile
798 2444 858 2521 est,
884 2440 958 2525 plus
984 2439 1110 2504 videtur
1137 2440 1170 2502 in
1200 2439 1249 2503 dis
1271 2436 1391 2502 tulisse

214 2568 310 2629 quam
332 2546 366 2609 in
387 2546 583 2612 hominibus,
625 2570 645 2632 η
669 2552 728 2614 311.
751 2547 906 2613 Alcinous
928 2548 969 2612 ad
990 2545 1130 2612 Ulixem:

297 2647 337 2716 αἲ
352 2645 424 2737 γάρ,
449 2658 512 2717 Ζεῦ
532 2676 568 2718 τε
589 2650 694 2739 πάτερ
717 2652 774 2718 καί
792 2648 957 2740 Ἀθηναίη
979 2651 1036 2719 καὶ
1049 2646 1234 2730 ’Ἀπολλοκ

295 2762 386 2837 τοῖος
408 2757 470 2826 ἐιὺν
493 2757 565 2839 οιός
586 2757 659 2828 ἐσσι
678 2761 721 2827 τά
739 2786 774 2827 τε
797 2759 946 2852 φρονέων
968 2757 990 2826 ίί
1010 2755 1037 2825 τ)
1061 2753 1125 2846 ἐγαί
1146 2783 1209 2843 περ

296 2860 404 2933 παῖδά
425 2862 452 2932 τ’
476 2865 559 2956 ἐμὴν
582 2866 694 2953 ἐχέμεν
716 2869 773 2936 καί
795 2867 876 2953 ἐμὸς
898 2867 1047 2957 γαμβρὸς
1067 2864 1265 2947 καλέεσθαι,
1290 2873 1353 2935 cet.

213 2973 290 3052 τοὺς
311 2970 349 3055 ἐξ
364 2969 576 3062 Ἀρίσταρχος
598 2972 745 3058 διστάζει
756 2972 904 3065 Ὅμηρον
926 2968 1025 3043 εἶναι·
1048 2971 1079 3041 εί
1093 2974 1130 3042 δὲ
1145 2973 1202 3042 καί
1212 2971 1392 3062 Ὁμηρικοὶ

215 3083 257 3165 (h.
280 3107 306 3148 e.
331 3085 457 3149 etiamsi
478 3085 559 3150 nihil
581 3088 750 3152 continent
769 3080 858 3171 quod
879 3111 898 3152 a
919 3085 1151 3151 consuetudine
1176 3086 1336 3174 sermonis
1358 3089 1393 3150 et

215 3193 417 3276 antiquitatis
436 3192 626 3259 Homericae
650 3195 841 3278 abhorreat),
862 3187 997 3270 εἰκότως
1022 3185 1141 3271 αὐτοὺς
1162 3196 1393 3279 περιαιρεθῆ-

215 3292 272 3362 ναί
293 3321 385 3386 φησι.
428 3304 501 3377 πῶς
525 3299 587 3384 γὰρ
611 3295 740 3383 ἀγνοῶν
765 3300 823 3367 τὸν
851 3295 956 3387 άνδρα
981 3295 1196 3388 μνηστεύεται
1219 3294 1393 3387 αὐτῷτὴν

151 3419 199 3469 340
217 3404 404 3490 θυγατέρα,
439 3405 497 3472 καί
527 3400 564 3473 οό
597 3401 879 3493 προτρεπόμενος,
912 3403 999 3474 άλλδι
1029 3409 1196 3494 λιπαρῶν,·
1231 3409 1393 3476 Similiter

217 3511 313 3590 {244
335 3511 495 3580 Nausicaa
516 3520 677 3600 precatur:

340 3617 380 3685 αἲ
398 3621 459 3706 γὰρ
482 3619 557 3704 ἐμοὶ
577 3618 713 3690 τοιόσδε
733 3617 834 3703 πόσις
855 3623 1055 3713 κεκλημένος
1076 3620 1127 3714 εἴη

341 3722 467 3795 ἐνθάδε
488 3725 659 3817 ναιετάων,
682 3728 740 3796 καί
764 3728 796 3799 οὶ
819 3729 899 3799 δίδοι
921 3728 1047 3801 αότόθι
1067 3731 1217 3818 μίμνεινι

136 3846 205 3916 (355)
218 3827 320 3924 ι’ίμφω
335 3833 396 3918 μέν
411 3831 757 3924 άθετεῖἈρίσταρχος.
780 3837 929 3922 διστάζει
940 3839 976 3907 δέ
991 3840 1067 3928 περί
1079 3846 1139 3908 τοῦ
1154 3837 1298 3926 πρώτον,
1317 3839 1394 3909 ἐπεί

217 3940 275 4009 καί
293 3936 440 4025 Ἀλκμὰν
463 3940 563 4013 αὐτὸν
583 3944 746 4032 μετέβαλε
768 3952 859 4035 (puto
875 3948 1047 4035 μετέλαβε,
1070 3950 1236 4017 transtulit
1258 3953 1299 4016 ad
1321 3954 1393 4035 sua)

218 4047 409 4135 παρθένοις
434 4049 594 4138 λεγοόσας
620 4049 760 4142 εἰσάγων
783 4063 873 4137 ,Ζεῦ
894 4052 1016 4144 πάτερ,
1045 4053 1075 4124 εί
1096 4059 1158 4145 γὰρ
1185 4056 1266 4142 ἐμὸς
1291 4053 1395 4136 πόσις

219 4152 363 4247 εἰήιιιιιΙ
384 4199 425 4210 ,-

237 4388 248 4400 .
285 4311 322 4352 241
341 4311 469 4366 Alterum
480 4314 565 4372 schol.
578 4316 605 4370 h.
618 4315 635 4371 l.
654 4314 766 4386 incipit:
786 4320 925 4374 δοκοῦσιν
942 4318 968 4375 ol
986 4316 1069 4390 λόγοι
1089 4312 1232 4390 άτιρεπεῐς
1248 4320 1393 4395 παρθένῳ

220 4401 294 4451 εἰναι
312 4398 361 4450 καὶ
380 4390 544 4455 ἀκόλαστοι,
577 4400 650 4459 Plut.
669 4402 732 4457 aud.
751 4421 778 4472 p.
797 4407 850 4456 272
868 4401 967 4471 εἰμὲν
984 4406 1001 4474 ὴ
1021 4405 1178 4461 Ναυσικάα
1196 4403 1283 4472 ξένον
1299 4402 1396 4478 ἄνδρα
