3046 4980
256 372 295 433 46
340 364 374 418 II.
399 362 441 418 De
462 363 639 418 Aristarchaa
656 361 854 418 vocabulorum
874 359 1084 416 Homericorum
1101 360 1343 434 interpretatione.

252 522 540 615 Ἱπποκράτους
559 525 666 610 λέξιν
689 523 1058 614 ἐπαγγειλαμένων,
1087 524 1122 596 εἰ
1141 527 1191 618 μὴ
1213 531 1428 596 συνίσασιν

255 633 420 724 <συνίασιν
435 640 500 725 ed.)
517 634 578 704 ὅτι
599 632 723 702 πλείω
743 633 1066 720 παραλείπουσιν
1085 626 1136 705 ὦν
1158 631 1428 704 διδάσκουσιν.

337 747 426 813 Haec
441 747 549 813 omnia
569 747 692 832 primus
712 746 872 812 intellexit
892 745 926 811 in
941 747 1084 812 Homero
1107 750 1140 812 et
1160 747 1323 832 praestitit
1336 746 1427 811 Ari·

255 855 441 924 starchus.
482 854 587 932 Quare
607 877 674 920 non
696 854 824 939 scripsit
845 854 982 940 glossae,
1004 856 1061 921 sed
1081 855 1116 919 in
1137 855 1291 920 continua
1311 857 1428 939 poetae

254 963 519 1048 interpretatione
534 962 770 1028 accuratissime
784 965 929 1028 versatus
944 966 1002 1043 est,
1023 964 1057 1027 in
1072 963 1236 1028 consuetis
1253 961 1428 1041 vocabulis,

256 1091 393 1153 quorum
408 1074 441 1135 ot
455 1070 495 1135 ad
508 1069 662 1135 maiorem
676 1070 923 1136 Homericorum
936 1071 1082 1136 locorum
1098 1073 1224 1155 partem
1238 1070 1427 1154 plerumque

256 1177 397 1261 pertinet
409 1177 532 1243 utilitas
547 1181 580 1242 et
601 1178 769 1263 explicatio
792 1178 918 1259 certior,
939 1178 1011 1263 plus
1033 1178 1131 1244 etiam
1153 1200 1250 1262 quam
1270 1178 1306 1242 in
1326 1176 1429 1241 rario-

255 1284 344 1349 ribus
365 1288 397 1349 et
418 1285 610 1369 antiquitate
633 1285 811 1351 obscuratis
835 1308 951 1370 operae
972 1308 1097 1371 ponens
1119 1289 1153 1350 et
1173 1307 1214 1350 ne
1237 1285 1314 1369 quid
1335 1305 1429 1369 prae·

256 1392 453 1456 termittatur
473 1393 607 1458 verbum
628 1393 725 1458 verbo
747 1393 893 1459 reddens.
933 1394 1061 1459 Abiecit
1082 1391 1153 1458 illas
1176 1392 1340 1458 doctrinae
1363 1413 1429 1456 aare

256 1501 361 1581 cinas,
387 1523 454 1566 non
480 1505 549 1566 tam
575 1501 761 1567 existimans
789 1524 827 1567 ex
848 1500 920 1566 aliis
942 1501 1152 1586 scriptoribus
1172 1501 1276 1567 multa
1296 1500 1337 1564 ad
1358 1498 1429 1564 Ho-

256 1629 380 1672 merum
388 1607 613 1674 illustrandum
627 1610 731 1693 promi
745 1631 840 1693 posse
851 1630 948 1693 quam
960 1610 1136 1675 cavendum
1152 1631 1222 1674 esse
1237 1630 1277 1672 οε
1291 1606 1429 1673 aliorum

256 1716 488 1781 consuetudine
513 1719 633 1781 temere
661 1717 702 1781 ad
727 1721 857 1801 poetam
878 1716 1035 1782 translata
1054 1717 1275 1802 imprudentes
1295 1716 1330 1779 in
1351 1714 1430 1779 vitia

257 1827 290 1888 et
311 1845 433 1888 errores
454 1823 662 1889 incurramus.
706 1822 792 1888 Hinc
812 1822 894 1889 illud
916 1828 973 1908 est,
996 1825 1083 1909 quod
1104 1846 1199 1910 saepe
1221 1845 1295 1888 eum
1315 1821 1430 1886 fecisse

256 1932 413 2012 videmus,
439 1934 477 1996 ut
500 1953 567 1996 non
595 1933 722 1995 tentum
752 1931 829 2014 quid
851 1931 1033 2016 significent
1054 1931 1210 1998 vocabula
1231 1931 1352 2008 doceat,
1373 1929 1430 1993 sed

258 2039 336 2122 quid
365 2060 431 2103 non
462 2038 646 2125 significent
675 2038 817 2122 quidque
844 2062 863 2104 a
891 2039 1018 2125 vulgari
1045 2039 1278 2105 consuetudine
1304 2037 1356 2103 vel
1387 2038 1429 2102 ab

258 2145 393 2210 aliorum
418 2168 479 2211 usu
504 2146 660 2210 differant.
708 2145 952 2231 Nonnunquam
978 2147 1076 2213 etiam
1104 2151 1209 2213 certos
1236 2146 1431 2230 scriptorum

257 2253 460 2328 locosaffert
485 2254 541 2338 qni
561 2253 643 2320 falso
662 2254 872 2339 intelligendo
899 2277 1047 2340 perverse
1069 2257 1199 2339 poetam
1221 2255 1338 2319 imitati
1360 2276 1430 2320 esse

257 2362 449 2428 viderentur.
491 2361 641 2445 Denique
667 2359 913 2427 Homericorum
939 2367 1055 2429 testem
1081 2367 1114 2428 et
1140 2365 1304 2428 auctorem
1329 2384 1431 2427 unum

193 2478 247 2548 (55)
259 2470 437 2534 Homerum
462 2468 585 2534 habuit.
627 2466 666 2533 Ιο
691 2468 824 2533 vocibus
849 2471 951 2536 rarius
986 2470 1038 2537 vel
1062 2472 1161 2536 semel
1188 2470 1430 2536 occurrentibus

258 2577 335 2661 quid
357 2576 419 2641 sibi
439 2576 577 2641 voluerit
599 2579 697 2660 poeta
723 2576 764 2640 ad
783 2578 946 2662 propriam
969 2578 1036 2643 eius
1057 2578 1221 2657 virtutem,
1250 2599 1334 2662 qnae
1355 2599 1429 2663 per-

257 2685 409 2770 spicuitas
432 2687 481 2749 est
502 2687 535 2749 et
556 2682 692 2769 simplex
714 2687 747 2748 et
768 2685 960 2751 conveniens
984 2685 1094 2765 dictio,
1123 2686 1283 2770 expendit.
1325 2686 1430 2752 Ante·

258 2815 355 2877 quam
376 2792 416 2856 ad
435 2790 657 2856 Aristarcheas
677 2790 960 2876 interpretationes
982 2793 1143 2877 accedam,
1165 2797 1322 2877 quantum
1344 2795 1429 2859 eins·

257 2900 346 2964 modi
356 2921 486 2984 operam
497 2903 595 2983 poeta
604 2899 838 2979 desideraverit,
852 2901 1015 2966 constabit
1024 2900 1208 2986 insignibus
1219 2901 1430 2984 quorundam,

259 3009 315 3091 qui
340 3011 414 3072 ante
440 3029 513 3071 eum
536 3007 574 3071 de
596 3006 738 3072 Homero
761 3009 970 3073 commentati
992 3011 1080 3087 sunt,
1108 3009 1276 3073 doctorum
1300 3013 1333 3073 et
1353 3009 1429 3072 illu·

258 3115 372 3179 strium
401 3113 692 3179 Alexandrinorum
727 3116 896 3182 erroribus.
946 3116 1098 3182 Fortasse
1133 3138 1199 3181 non
1234 3136 1429 3202 magnopere

257 3222 444 3286 mirabimur
453 3221 540 3305 quod
550 3222 605 3305 qui
623 3244 701 3287 usus
711 3223 800 3286 vocis
814 3218 901 3309 ἥρως
915 3223 1001 3307 apud
1014 3227 1144 3308 poetam
1160 3228 1245 3289 esset
1258 3224 1429 3289 nesciverit

257 3329 340 3394 ister
365 3331 407 3411 (Β
432 3336 498 3397 110.
528 3333 562 3391 Ν
581 3334 651 3397 629.
683 3330 818 3413 0230),
848 3328 985 3395 fortasse
1011 3353 1052 3395 ne
1078 3329 1160 3395 illud
1187 3330 1316 3414 quidem
1340 3332 1429 3415 quod

257 3436 399 3502 Philetas
425 3435 622 3523 ignoraverit
649 3437 726 3520 quid
751 3441 866 3521 poetae
894 3437 1054 3523 significet
1081 3431 1163 3526 φρίξ
1186 3437 1263 3519 (sch.
1295 3442 1429 3519 Φ126).

340 3543 404 3610 Sed
429 3545 514 3609 idem
535 3543 678 3609 Philetas
704 3545 775 3609 vide
803 3567 900 3628 quam
923 3544 1065 3610 ridiculis
1087 3545 1248 3610 erroribus
1271 3546 1430 3610 obnoxius

259 3652 365 3716 fuerit.
405 3651 627 3719 sch.13269:

210 3799 242 3846 43
342 3751 489 3846 ἀλγήσας
511 3750 542 3821 δ’
567 3750 697 3841 ἀχρεῖον
719 3750 799 3823 ἰδών
820 3751 1033 3842 ἀπομόρξατο
1057 3749 1180 3839 δάκρυε

259 3860 312 3931 ὅτι
344 3863 490 3950 Φιλητᾶς
513 3863 551 3930 τὸ
579 3856 663 3930 ἰδών
690 3866 853 3952 περισπᾷ,
884 3855 957 3932 οἷον
982 3869 1048 3931 τῶν
1079 3858 1288 3953 ὀφθαλμῶν,
1322 3859 1429 3932 ἰδεῶν.

259 3965 421 4036 οὐδέποτε
440 3968 477 4037 δὲ
489 3967 638 4058 Ὅμηρος
652 3965 744 4050 ἰδέας
756 3970 834 4051 τοὺς
855 3966 1058 4062 ὀφθαλμοὺς
1077 3963 1178 4038 εἶπεν.
1208 3973 1292 4040 Vide
1313 3974 1430 4040 similia

259 4078 425 4146 Zenodoti.
461 4079 533 4146 seh.
548 4085 581 4144 K
591 4088 652 4148 515
668 4073 740 4145 οὐδ’
758 4075 989 4170 ἀλαοσκοπίην
1004 4071 1060 4163 εἶχ’
1078 4075 1295 4169 ἀργυρότοξος
1305 4075 1430 4149 Ἀπόλ-

258 4187 339 4251 λωνε
361 4183 392 4275 (ἡ
415 4186 531 4276 διπλῆ)
554 4183 607 4254 ὅτι
622 4187 807 4276 Ζηνόδοτος
820 4183 942 4278 γράφει
957 4186 1064 4256 ἀλαὸν
1083 4182 1279 4277 banneriam
1308 4213 1430 4275 παροι-

324 4424 370 4465 2G⁸
388 4421 478 4492 <Quae
494 4425 649 4490 sequuntur
665 4439 722 4477 non
739 4427 854 4493 recepta
872 4427 937 4479 sunt
954 4424 1028 4479 inter
1044 4423 1240 4493 Aristonicea.>
