3008 4980
221 321 281 384 308
666 313 712 370 fv.
735 312 777 368 De
793 311 930 383 prosodia.

219 475 329 545 τοίνυν
354 476 392 545 τὸ
418 478 544 567 πλῆρες
572 477 656 545 κατὰ
680 473 894 565 Ἀρίσταρχον
921 470 1156 565 ε’ρικταίνοιτσ.
1197 472 1264 540 καὶ
1290 474 1376 562 όῆία

219 583 264 650 τὰ
283 587 351 673 τῆς
372 578 637 670 σίναγναίσεαις·
664 582 750 654 ἔνιοι
774 585 810 653 δὲ
832 626 880 653 -.
909 586 999 664 Quae
1029 585 1176 670 quamvis
1196 584 1294 668 plena
1312 606 1377 649 con-

219 694 355 760 fusionis
379 698 412 759 et
433 697 636 763 obscuritatis
659 699 731 776 sint,
753 701 862 762 tamen
880 694 961 759 illud
983 696 1116 779 apparet
1138 696 1173 759 et
1193 692 1305 777 primis
1323 692 1378 757 ian

219 802 380 867 nascentis
402 805 629 889 grammaticae
651 804 851 889 temporibus
872 801 986 867 dehac
1002 822 1081 865 voce
1096 801 1282 866 dissensum
1293 798 1378 865 fuisse

152 908 155 913 ’
220 912 252 974 et
266 911 459 976 sententiam
473 934 563 976 suam
582 912 770 997 explicuisse
784 909 1008 976 Aristarchum
1022 910 1174 974 ettotam
1188 908 1229 973 de
1245 929 1284 973 eo
1297 928 1378 973 voca·

218 1017 296 1097 bulo
312 1018 563 1102 disputationem
578 1042 649 1084 cum
665 1020 854 1104 quaestione
874 1019 913 1083 de
934 1016 1040 1082 media
1061 1015 1262 1100 aspiratione
1282 1016 1379 1081 arctis·

219 1125 298 1189 sime
318 1126 522 1191 coniunctam
535 1127 643 1206 firisse,
665 1149 738 1192 cum
760 1127 890 1211 quidam
912 1119 1081 1190 ἱκνεῖσθαι
1102 1123 1210 1197 inesse
1232 1124 1379 1207 putarent

219 1231 272 1295 alii
295 1231 394 1298 aliud:
433 1238 553 1318 quanta
586 1234 753 1299 dubitandi
784 1234 882 1300 fuerit
908 1230 1131 1318 opportunitas
1158 1230 1267 1316 magis
1295 1230 1379 1295 etiam

218 1340 343 1424 patebit
365 1339 573 1407 Eustathium
603 1341 780 1407 conferenti
807 1342 847 1406 ad
875 1340 895 1409 l.
925 1340 945 1404 l.
972 1362 1004 1424 p.
1030 1342 1117 1406 1936.
1157 1336 1210 1402 De
1230 1335 1378 1402 vocabulo

218 1439 314 1530 ἴκταρ
340 1447 391 1513 vel
411 1447 522 1533 ἵκταρ,
556 1450 642 1532 quod
672 1450 712 1515 ad
740 1449 964 1533 explicandum
992 1444 1175 1524 adhibetur,
1201 1444 1267 1510 vid.
1292 1442 1379 1509 schol

217 1552 293 1621 Hes.
316 1553 440 1640 Theog.
464 1561 523 1624 691
544 1560 577 1621 et
598 1556 726 1622 Ruhnk.
761 1555 843 1621 Tim.
863 1578 895 1641 p.
921 1562 988 1623 149.
1008 1590 1050 1602 -

299 1663 448 1747 Denique
471 1685 544 1729 cum
558 1663 747 1729 Hellanicus
768 1663 947 1729 Aristarchi
969 1660 1110 1746 aequalis
1131 1660 1176 1725 sit
1196 1662 1239 1743 (v.
1254 1659 1380 1725 Greuert

217 1768 331 1835 Rhein.
358 1770 440 1836 Mus.
466 1770 482 1836 I
508 1777 526 1838 3
552 1795 582 1856 p.
609 1775 681 1854 208)
713 1775 846 1856 propter
873 1771 941 1837 eius
968 1769 1204 1835 dubitationem
1233 1765 1379 1852 suspicari

217 1876 294 1941 licet
315 1880 347 1942 et
367 1877 473 1962 ipsum
493 1877 714 1944 Aristarchum
735 1879 776 1945 ad
795 1881 817 1962 β
833 1883 891 1946 185
912 1877 1133 1963 quaestionem
1155 1875 1195 1940 de
1215 1873 1378 1958 interaspi·

216 1984 341 2049 ratione
362 1985 518 2072 tetigisse.
560 1984 634 2052 Scil.
656 1989 679 2067 β
703 1991 760 2054 185
781 1986 844 2052 hoc
865 1984 964 2052 schol.
985 1987 1047 2050 est:
1068 1975 1240 2069 ἆνιείηςτ
1268 1979 1378 2046 δοσιν·

216 2086 300 2160 τέον.
331 2085 477 2175 ἔστιγὰρ
494 2086 566 2156 ἀντὶ
579 2095 639 2157 τοῦ
661 2085 876 2170 dianetum,
901 2084 970 2158 ἀπὸ
991 2091 1187 2178 μεταφοραῖς
1206 2089 1275 2154 ταῖν
1293 2109 1379 2172 κυνη-

217 2199 282 2280 γῶν
295 2200 361 2261 τῶν
375 2194 534 2287 ἐφιέντων
554 2197 632 2276 τοὺς
652 2193 791 2282 ίγισίντας
810 2201 880 2276 τοῖς
900 2193 984 2265 κυσί.
1018 2195 1119 2286 ψιλοί
1140 2192 1177 2262 δὲ
1194 2187 1380 2271 Ἑλλάνικος

217 2300 309 2389 παρὰ
327 2302 388 2391 τὴν
416 2299 512 2370 ἀνίαν
539 2300 753 2388 ἐκδεχόμενος
777 2303 815 2373 τὸ
839 2300 987 2393 λυποίης.
1029 2299 1059 2370 εί
1086 2299 1123 2368 δὲ
1147 2306 1264 2383 τοῦτο,
1294 2299 1380 2388 ἐχρῆν

217 2407 357 2500 γράφειν
371 2404 507 2499 ἇνιρίης·
529 2407 667 2502 τοιαύτη
688 2413 750 2502 γὰρ
771 2410 792 2501 ἡ
818 2409 954 2499 δευτέρα
975 2406 1119 2496 συζυγία.
1152 2413 1326 2497 Apponam
1344 2411 1379 2476 de

216 2520 385 2588 Hellanico
413 2521 560 2589 Grauerti
592 2525 689 2589 verba
717 2547 748 2609 p.
775 2528 849 2592 208:
889 2521 1054 2608 „augleich
1086 2521 1250 2587 erscheint
1273 2542 1310 2586 er
1336 2517 1379 2584 als

134 2636 204 2707 (325)
218 2630 306 2695 einer
321 2631 376 2696 der
391 2629 632 2712 Grammatilren
653 2631 774 2697 welche
796 2630 841 2695 im
855 2629 976 2699 Homer
999 2629 1060 2694 alle
1074 2626 1220 2693 Dialecte
1239 2627 1378 2693 fanden‘t

217 2736 267 2806 Sc.
290 2761 344 2804 eas
366 2739 463 2804 etiam
485 2762 564 2824 quas
587 2735 666 2804 olim
689 2738 842 2803 dialectos
863 2737 962 2804 fuisse
984 2735 1157 2822 fingebant.
1284 2782 1287 2789 ·

297 3082 406 3166 Atque
428 3081 486 3146 has
509 3082 548 3146 de
570 3081 675 3145 medio
703 3080 817 3164 spiritu
845 3079 1077 3164 disputationes
1105 3077 1198 3142 sicuti
1225 3077 1379 3162 aprinci-

214 3189 308 3271 pibus
329 3189 545 3274 grammaticis
565 3188 731 3253 institutae
752 3188 892 3266 fuerunt,
914 3186 1053 3252 valuisse
1069 3185 1218 3270 deinceps
1239 3185 1276 3249 in
1297 3207 1380 3250 com·

149 3308 197 3360 313
214 3297 378 3361 mentariis
392 3295 571 3362 Homericis
595 3317 633 3360 ex
653 3295 733 3360 locis
755 3295 863 3361 allatis
885 3294 1007 3359 affatim
1022 3292 1177 3359 constitit.
1210 3291 1380 3378 Reliquum

215 3407 322 3468 estut
344 3408 477 3484 ceteras,
506 3425 587 3488 quae
614 3402 758 3468 adhaec
785 3403 927 3468 carmina
950 3401 1125 3486 pertinent,
1158 3400 1228 3466 eius
1257 3401 1381 3485 generis

216 3513 429 3594 quaestiones,
452 3514 618 3577 auctorum
640 3510 824 3576 nominibus
847 3531 933 3575 nunc
954 3530 1073 3594 magna
1099 3511 1250 3592 exparte
1273 3529 1380 3574 caren-

214 3620 271 3697 tes,
293 3621 349 3685 sed
371 3642 410 3686 ex
431 3619 607 3684 Herodiani
628 3619 787 3703 prosodiis
802 3617 982 3683 Homericis
1005 3620 1169 3701 excerptas
1189 3638 1294 3700 paene
1316 3639 1381 3682 onr-

213 3746 278 3805 nes‚
298 3726 363 3792 huc
385 3727 555 3794 conferam.

293 3833 400 3920 Etym.
422 3834 465 3900 M.
486 3860 514 3916 p.
537 3839 610 3914 340,
633 3840 672 3901 27
700 3826 874 3897 ὄασίνεται
905 3827 941 3896 δὲ
964 3827 1001 3897 τὸ
1026 3825 1205 3918 ἐνέτῃσιν
1233 3823 1381 3898 ἀπὸτοῦ

212 3934 365 4006 ἐνίεσθαι
384 3945 455 4019 τοῖς
476 3936 630 4024 ἱματίοις.
666 3941 813 4007 Pertinet
834 3940 874 4006 ad
894 3936 926 4008 Ξ
944 3946 1009 4010 180.
1046 3941 1151 4006 Locus
1164 3938 1381 4027 Etymologici

211 4048 300 4114 illinc
321 4050 460 4135 petitum
481 4050 626 4116 scholion
650 4053 706 4114 est.
729 4084 768 4093 —

293 4162 324 4218 Z
343 4163 403 4226 348
425 4151 511 4223 ἔνθα
531 4180 573 4240 με
594 4149 668 4239 κῦμ’
693 4148 857 4241 ἀπόερσε,
881 4150 989 4241 πάρος
1008 4148 1090 4220 τάδε
1111 4148 1190 4241 ἔργα
1214 4152 1380 4239 γενέσθαι.

211 4264 316 4331 Schol.
337 4267 368 4330 A
388 4256 576 4350 ἆτιόερσεε
603 4260 785 4355 ψιλωτέον·
810 4261 852 4328 τὰ
873 4261 936 4350 γὰρ
960 4260 1130 4352 φωνήεντα
1152 4257 1380 4350 καταλήγοντα

210 4366 257 4452 εἰς
281 4372 319 4439 τὸ
347 4398 365 4458 ρ
397 4369 642 4461 ἐπιφερομένου
669 4375 726 4439 τοῦ
751 4392 772 4437 σ
796 4370 990 4464 φιλσῦσθαι
1016 4369 1126 4459 φιλεῖ,
1156 4363 1316 4457 ίίροαντες
1343 4407 1380 4420 -
