3008 4980
220 325 280 387 254
668 311 716 369 IV.
739 310 780 366 De
798 310 935 382 prosodia.

219 479 359 570 θητικὸς
385 475 509 564 γίνεται
532 471 703 565 είρυδμην,
734 476 772 546 τὸ
794 473 903 564 τρίτον
925 471 1069 560 εἰρίετο,
1101 467 1120 542 t*
1143 473 1179 543 έν
1200 475 1387 566 συναλοιφῇ

218 588 276 655 καί
297 583 408 676 ἐνδείᾳ
428 590 489 652 τοῦ
510 610 524 651 ι
545 580 671 670 ἐγένετο
693 580 787 671 έρυτο
802 583 914 673 <ἕρῦτο
928 585 1061 671 lehre).
1089 586 1139 650 De
1154 589 1294 652 accentu
1306 586 1387 651 idem

219 697 333 764 statuit
359 696 590 773 Buttmannus3
625 695 664 759 de
690 695 871 760 rationibus
905 693 1053 760 similiter
1087 694 1144 758 sed
1180 693 1333 759 subtilius
1358 698 1388 757 et

218 806 350 892 propius
372 803 465 888 quasi
486 803 528 868 ad
548 802 680 887 linguae
702 802 879 886 penetralia
901 802 1067 878 aecedens;
1089 801 1145 866 sed
1167 823 1248 866 usus
1269 804 1303 865 et
1316 800 1387 865 cha·

217 917 321 979 racter
347 917 379 978 et
400 911 591 976 observandi
619 910 788 995 diligentia
814 914 848 976 et
873 932 986 976 sensus
1012 908 1129 974 insitus
1152 930 1209 974 eos
1230 909 1386 993 perduxit

219 1044 283 1106 quo
305 1020 484 1086 rationibus
505 1019 558 1083 rix
580 1018 796 1085 accessissent.

300 1188 368 1273 §tl
410 1185 479 1250 Iam
505 1185 682 1250 Aristarchi
710 1186 868 1250 rationem
896 1188 963 1249 tam
989 1206 1171 1269 expressam
1199 1187 1232 1249 et
1253 1184 1387 1271 insigni·

217 1300 284 1361 tam
305 1294 475 1374 habemus,
500 1295 537 1356 ut
562 1291 596 1355 in
617 1293 727 1359 multis
755 1293 833 1377 quid
854 1292 1017 1377 scripserit
1038 1292 1116 1377 quid
1137 1312 1206 1356 non
1226 1291 1388 1376 scripserit

217 1403 280 1487 ipsi
300 1401 460 1486 possimus
480 1396 669 1483 perspicere.
704 1398 788 1477 Quid
808 1401 909 1488 igitur
932 1401 970 1465 de
991 1401 1053 1464 hoc
1074 1399 1146 1464 loco
1165 1398 1387 1478 iudicabimus,

218 1511 274 1595 qui
300 1511 335 1574 in
357 1509 425 1574 cod.
447 1506 479 1572 V
499 1507 619 1592 legitur
640 1506 681 1571 ad
701 1510 737 1569 N
756 1512 815 1575 809
837 1509 876 1573 de
897 1501 1096 1591 βιβάσθωνθ
1121 1502 1305 1590 βαρυντέον
1325 1499 1387 1570 είτε

218 1611 288 1682 οίπδ
316 1619 375 1680 τοῦ
406 1616 495 1698 βιβῶ
520 1609 647 1697 ἐγένετο
679 1606 745 1678 εἴτε
774 1607 844 1680 ἀπὸ
876 1616 937 1680 τοῦ
961 1607 1131 1698 βιβαστός.
1176 1605 1387 1697 Ἀρίσταρχος

219 1720 257 1790 δέ
279 1747 393 1813 φησιν,
418 1718 476 1786 έδν
499 1714 666 1808 δξιίνηται,
694 1715 787 1786 ἔσται
807 1719 919 1807 μακρδι
942 1716 1069 1806 διαβάς.
1110 1721 1183 1787 Ηοο
1202 1724 1386 1807 corruptum

218 1836 267 1897 est
292 1853 352 1896 nec
378 1829 518 1917 intelligi
539 1833 663 1915 potest;
693 1831 749 1896 sed
774 1829 800 1896 si
827 1830 899 1915 quis
926 1830 1031 1896 inesse
1052 1829 1228 1915 putaverit,
1249 1829 1386 1895 Aristar-

218 1938 314 2004 chum
331 1938 428 2003 etiam
449 1938 560 2003 tulisse
576 1931 764 2019 βιβαοθυίν,
789 1939 818 2003 ei
832 1939 970 2004 fidenter
984 1936 1243 2020 obloqueremur,
1264 1936 1386 2003 etiarnsi

217 2068 283 2111 non
305 2049 465 2111 servatum
485 2048 570 2110 essct
591 2045 632 2110 ad
654 2047 790 2111 eundem
806 2044 915 2111 locum
929 2044 1107 2110 Herodieni
1121 2043 1281 2124 scholion,
1303 2044 1387 2129 quod

216 2153 401 2219 huiusmodi
430 2157 492 2218 est:
520 2146 715 2236 βιβάσθωνε
749 2147 936 2237 Τυραννίων
957 2154 1122 2238 περισπᾷ,
1147 2143 1207 2231 οδχ
1230 2144 1384 2236 tyrsici

218 2256 285 2345 γὰρ
306 2256 505 2345 χαρακτὴρ
527 2261 693 2344 βαρεῖαν
714 2252 827 2324 τάσιν
848 2252 1029 2338 ἀπαιτεῖ,
1053 2253 1119 2324 εἴτε
1141 2252 1211 2324 <int
1226 2261 1288 2324 τοῦ
1302 2260 1386 2341 βιβιῦ

217 2361 356 2453 βιβυίθω
383 2363 559 2451 γενομένου
587 2370 645 2432 τοῦ
674 2365 819 2455 ῥήματος
841 2362 1168 2453 περιπλεονοίσαντος
1196 2369 1257 2432 τοῦ
1279 2387 1314 2446 σ,
1344 2360 1386 2443 ὥς

218 2499 301 2565 φησι
331 2467 510 2553 Φιλόξενος
536 2478 575 2557 (v.
596 2476 637 2540 ad
664 2477 690 2540 0
713 2479 800 2559 676),
830 2469 896 2541 εἴτε
926 2468 995 2541 ἀπὸ
1023 2468 1186 2556 ὀνόματος
1208 2477 1268 2541 τοῦ
1288 2477 1386 2559 βιβα-

218 2579 294 2661 στός
319 2576 497 2667 βιβάσθων
523 2576 569 2660 ὡς
596 2575 711 2660 οίϊστός
737 2576 884 2648 ἀΐσθων·
908 2579 1034 2668 γίνεται
1055 2576 1116 2667 μοίρ
1137 2605 1213 2647 τινα
1233 2576 1305 2650 δπδ
1324 2585 1384 2647 τῶν

218 2684 265 2768 εἷς
285 2712 342 2768 τος
362 2688 447 2755 κατὰ
468 2689 658 2777 μεταβολὴν
678 2694 738 2756 τοῦ
758 2688 874 2768 τέλους
895 2684 943 2768 είς
963 2693 1018 2755 θω
1039 2683 1222 2775 βαρύτονον
1243 2684 1381 2779 ῥήματα,

218 2793 347 2883 ἓγερτός
376 2794 523 2885 έγέρθω,
557 2791 688 2885 έρεκτός
714 2793 859 2883 ῦρέχθω,
885 2791 1000 2875 δί’στός
1025 2791 1172 2864 ἀΐσθων·
1200 2794 1308 2877 οῦτως
1332 2796 1384 2863 καί

134 2919 204 2990 (266)
217 2904 309 2991 παρὰ
330 2903 368 2972 τὸ
390 2900 550 2990 βιβαστός
570 2901 758 2991 βιβάσθων.
786 2903 1008 2994 παραιτητέον
1030 2902 1067 2969 δέ
1087 2903 1144 2970 καί
1164 2903 1243 2984 τοὺς
1256 2899 1384 2987 δξιίνον-

216 3037 276 3092 τας
301 3010 345 3092 ὡς
376 3009 527 3100 δεύτερον
552 3008 716 3102 ἀόριστον.
760 3016 856 3097 (Hinc
880 3015 1016 3082 frustula
1036 3020 1193 3081 venerunt
1212 3015 1248 3079 in
1268 3013 1322 3081 Et.
1344 3012 1382 3080 Μ.

216 3146 247 3207 p.
272 3129 338 3203 197,
358 3125 421 3206 20.)
434 3123 477 3166 ¹⁶³

299 3229 451 3314 Sequitur
476 3224 536 3307 λίς.
578 3231 669 3297 Eust.
689 3255 721 3317 p.
743 3237 815 3312 841,
838 3238 878 3300 22
906 3227 944 3296 τὸ
974 3227 1010 3296 δέ
1036 3225 1088 3308 λίς
1108 3228 1192 3295 κατὰ
1213 3227 1276 3314 μέν
1294 3222 1383 3317 ’Λρί-

217 3358 368 3422 σταρχον,
398 3332 443 3414 ὥς
470 3359 572 3426 φασιν
599 3331 630 3403 οἳ
656 3336 733 3425 περί
751 3331 902 3404 ’Λπίωνα
923 3335 980 3404 καί
999 3333 1206 3422 Ἡρόδωρον,
1235 3331 1384 3417 ὀξύνεται

155 3438 157 3443 ’
217 3439 606 3529 συνεξομοιούμενον
627 3449 679 3531 τῷ
699 3449 919 3533 χαρακτῆρι
940 3451 997 3512 τοῦ
1017 3442 1070 3524 κίς
1090 3440 1177 3523 κιός,
1206 3439 1257 3510 ἔτι
1275 3441 1313 3510 δέ
1332 3440 1384 3510 καί

216 3554 275 3615 τοῦ
297 3553 357 3637 <cpi
372 3553 437 3637 ed.)
458 3549 509 3631 τίς
530 3551 586 3618 καί
609 3548 668 3631 θίς
689 3551 745 3619 καί
766 3549 825 3641 ῥίς,
850 3548 880 3619 εί
898 3553 955 3621 καί
971 3548 1144 3641 διαφόρως
1159 3554 1264 3618 ταῦτα
1278 3548 1384 3619 κλίνε-

152 3677 201 3728 258
218 3681 275 3722 ται
300 3657 385 3741 πρὸς
412 3657 450 3727 τὸ
477 3655 537 3739 λίς.
581 3653 788 3744 δΑίσχρίων
814 3658 866 3740 δέ,
892 3685 990 3752 φασι,
1019 3664 1168 3750 περισπᾷ
1191 3659 1309 3728 διὰτὸ
1332 3658 1385 3726 καί

216 3764 276 3852 τὴν
298 3760 484 3855 αἰτιατικὴν
505 3771 752 3854 περισπᾶσθαι.
782 3763 827 3847 τίς
848 3767 909 3855 γὰρ
928 3774 992 3854 μῦς
1004 3775 1078 3854 μῦν,
1104 3769 1181 3854 δρῦς
1196 3767 1285 3854 δρῦν,
1302 3764 1384 3836 οῦτω

217 3871 273 3939 καί
295 3873 346 3952 λῖς
365 3873 426 3940 λῖν.
455 3869 485 3940 εὶ
507 3875 544 3941 δέ
556 3873 660 3963 μηδὲν
674 3879 738 3941 τιῦν
752 3870 800 3954 είς
815 3900 847 3954 ις
859 3881 1075 3964 περισπῦται,
1093 3870 1165 3942 ἀλλ’
1183 3871 1202 3943 ὁ
1216 3871 1386 3961 Αἰσχρίων

216 3985 312 4048 τοῦτο
341 3977 467 4060 ἐποίει,
502 3977 671 4071 έκφεδγων
697 3981 847 4071 θηλυκὸν
868 3980 1029 4050 ἐπίθετον
1059 3978 1216 4066 δξίτονον
1243 3982 1282 4052 τὸ
1313 3981 1386 4064 ,,ίίς

216 4085 344 4177 πέτρα(
372 4085 407 4154 ἐν
425 4083 602 4180 Ὀδυσσείᾳ
625 4088 729 4179 ῥηθέν
755 4094 791 4178 (μ
813 4095 875 4178 64).
917 4090 975 4158 καί
1002 4088 1087 4159 οῦτω
1112 4089 1173 4175 μὲν
1202 4087 1327 4170 ἐκεῖνος
1349 4089 1384 4158 τδ

283 4296 320 4336 1⁶³
340 4291 479 4347 Videntur
501 4291 617 4361 quidum
644 4290 729 4348 etiem
752 4283 846 4348 δίοντι
872 4309 923 4364 pro
946 4293 1049 4350 acristo
1071 4292 1209 4350 habuisse.
1248 4291 1290 4350 Εο
1311 4291 1386 4349 ducit

216 4378 246 4432 11
260 4383 309 4435 508
327 4369 442 4448 (ἀίοντι)
461 4375 503 4442 τίς
519 4376 645 4446 λέγοντι.
673 4371 768 4443 οὕτως
784 4378 835 4433 καί
850 4371 1042 4451 Ἀρίσταρχος.
