3008 4980
219 332 279 396 218
399 322 448 380 Ill.
475 322 516 377 De
535 320 689 377 Aristarchi
705 320 822 377 scientia
837 320 1012 392 antiquitatis
1028 320 1204 379 Homericae.

217 489 255 556 τὸ
278 486 489 579 κατηγόρημοέ
510 488 594 570 εὀτι,
620 487 809 557 καθολικὸν
829 486 887 555 καὶ
904 485 1001 555 τοῦτό
1023 485 1104 569 ἐστι,
1128 487 1188 556 καὶ
1211 489 1382 575 διαιρεῖται

152 611 199 662 221
219 593 269 678 εἴς
295 622 332 664 τε
362 596 401 666 τὸ
432 594 580 666 ἐναντίον
607 597 664 665 καὶ
689 596 727 665 τὸ
755 591 918 664 ἀδύνατον
941 594 999 663 καὶ
1023 595 1061 665 τὸ
1089 591 1311 687 ἀνιστόρητον
1334 596 1383 664 καὶ

218 701 343 794 ἶν’λογον
368 705 426 773 καί
454 701 649 797 ἀσύμφορον
674 703 732 772 καὶ
756 698 915 790 ἀπρεπές.
947 694 993 771 ὦν
1015 701 1155 773 ἕκαστον
1176 701 1296 772 λύεται
1314 700 1382 792 τρό-

218 838 298 893 ποις
317 811 424 881 πέντε.
459 807 483 897 ἲ
503 813 565 901 γὰρ
587 813 645 879 διὰ
666 810 785 894 λέξεως
807 807 898 880 λύσει
916 838 968 893 τις
982 806 1008 901 ip*
1023 806 1163 896 ὀνόματι
1178 807 1205 902 ἢ
1218 808 1382 902 προσώπῳ

215 916 241 1010 ἢ
258 917 365 1009 χρόνῳ
386 915 411 1008 ἢ
431 917 515 990 ἔθει.
557 924 619 989 Est
638 924 725 988 haud
747 923 842 988 dubie
864 923 945 988 illud
963 922 1133 988 artificium
1153 944 1275 1009 vagum
1289 946 1383 1010 nego-

217 1032 299 1097 tium
318 1032 438 1115 regulis
460 1032 652 1116 quibusdam
673 1030 904 1116 adstringendi,
925 1051 989 1113 quo
1010 1029 1136 1096 facilius
1157 1031 1284 1110 finem,
1306 1032 1383 1097 anti·

218 1140 416 1224 quissimum.
445 1138 589 1202 Primum
602 1136 795 1203 Aristoteles
817 1137 1034 1221 sophistarum
1055 1137 1199 1204 elenchis
1218 1143 1307 1204 certa
1326 1139 1383 1205 sol·

216 1247 311 1311 vendi
334 1268 453 1332 genera
475 1245 628 1329 opposuit
653 1245 783 1328 suisque
804 1244 990 1310 nominibus
1010 1245 1192 1330 insignivit,
1219 1269 1304 1331 quae
1325 1246 1383 1332 legi

217 1356 380 1419 merentur
405 1357 462 1418 art
483 1356 571 1436 poet.
592 1351 706 1416 XXVI.
748 1352 873 1416 Deinde
900 1374 941 1417 ne
967 1352 1002 1416 in
1024 1351 1155 1418 Sosibio
1177 1354 1311 1437 quidem
1332 1355 1383 1419 du·

216 1461 385 1526 bitandum
408 1463 469 1538 est,
499 1461 578 1545 quin
604 1464 691 1525 certa
712 1459 869 1544 quaedam
890 1458 1024 1523 artificia
1046 1462 1078 1524 et
1096 1459 1247 1540 nomina,
1273 1461 1383 1547 quibus

216 1571 249 1632 in
273 1567 484 1633 dissolvendis
506 1567 750 1633 difficultatibus
772 1566 947 1632 identidem
968 1570 1121 1645 uteretur,
1139 1568 1320 1634 constituta
1332 1569 1384 1633 ha·

217 1677 332 1751 buerit,
352 1698 546 1760 quamquam
560 1675 696 1740 fortasse
711 1675 752 1739 ab
766 1675 815 1752 iis,
837 1696 919 1758 quae
933 1677 1046 1759 postea
1062 1675 1239 1754 valuerunt,
1258 1676 1383 1743 diversa.

216 1783 302 1848 Nam
322 1783 357 1846 in
377 1782 561 1866 fragmento
583 1805 623 1847 cx
644 1781 712 1846 eius
734 1803 838 1865 opere,
852 1781 971 1847 Athen.
986 1779 1031 1846 XI
1050 1805 1081 1866 p.
1096 1780 1190 1862 493d,
1214 1787 1383 1868 postquam

218 1889 440 1974 quaestionem
461 1890 583 1972 posuit,
605 1889 695 1954 addit
716 1882 865 1965 ,,τοτ’τοιν
884 1882 994 1953 τοίνυν
1016 1884 1122 1966 οὕτως
1142 1885 1383 1977 κατηγορουμέ-

217 2018 281 2060 νων
301 1999 341 2085 τῇ
363 1988 555 2084 ἀναστροφῇ
574 1989 776 2081 χρησάμενοι
797 1987 991 2078 ἀπολύομεν
1010 1993 1070 2061 τὸν
1089 1989 1272 2084 ποιητήνίῑ.
1313 1997 1383 2063 Fuit

169 2154 172 2159 .
216 2103 318 2188 igitur
344 2095 364 2187 ή
396 2094 591 2191 ἀναστροφή
619 2126 657 2169 ex
685 2104 748 2169 illis
770 2103 914 2167 solvendi
939 2104 1132 2182 rationibus,
1159 2128 1242 2190 quas
1264 2106 1383 2172 solebat

217 2211 377 2276 adhibere.
412 2210 521 2294 Atque
543 2212 611 2275 eius
633 2233 736 2296 genus
758 2210 901 2276 solvendi
921 2211 1114 2296 insignitum
1132 2212 1233 2279 finisse
1256 2216 1382 2298 apparet

217 2319 336 2383 ibidem
358 2340 396 2383 ex
416 2318 555 2396 ratione,
577 2340 641 2402 qua
662 2342 680 2382 a
701 2318 888 2383 Ptolemaeo
911 2317 1019 2383 elusus
1041 2323 1103 2397 est,
1127 2321 1184 2404 qui
1202 2321 1274 2406 ipse
1293 2322 1328 2386 in
1347 2341 1382 2386 ec

216 2425 378 2491 irridendo
400 2425 511 2509 inepta
533 2427 671 2510 quadam
693 2425 864 2508 solutione,
886 2446 983 2509 quam
1004 2425 1059 2491 ille
1080 2426 1234 2494 adhibere
1254 2428 1382 2505 solebat

217 2554 294 2597 usus
316 2537 375 2599 est.
397 2573 437 2582 -

298 2701 317 2779 ξ
340 2704 367 2765 6.
410 2697 575 2783 Superest,
602 2701 638 2762 ut
658 2697 802 2776 libellos,
830 2721 911 2783 quos
934 2699 1064 2782 quidem
1086 2700 1249 2791 novimus,
1278 2702 1333 2787 qui
1351 2702 1382 2766 in

217 2804 295 2870 solis
317 2805 527 2871 dissolvendis
549 2804 794 2888 quaestionibus
810 2807 958 2890 occupati
974 2810 1072 2885 erant,
1092 2828 1381 2888 commemoremus,

218 2913 273 2996 qui
294 2934 352 2996 pro
375 2918 543 2978 auctorum
558 2912 697 2997 ingeniis
718 2912 806 2978 haud
827 2913 923 2978 dubie
941 2913 1013 2997 plus
1028 2913 1134 2978 minus
1149 2914 1274 3000 spinosi
1289 2919 1381 2993 erant,

217 3042 449 3104 nonnunquam
458 3021 683 3104 quaestionum
698 3043 735 3085 ac
749 3020 948 3086 solutionum
962 3021 1092 3087 nomine
1107 3044 1144 3087 ac
1158 3022 1264 3089 forma
1278 3045 1381 3091 neces·

218 3128 316 3192 sarias
337 3131 433 3212 atque
454 3126 633 3212 praeclaras
656 3128 942 3194 commentationes
964 3129 1188 3207 continebant,
1215 3153 1290 3197 cum
1309 3154 1381 3197 aevo

218 3236 395 3319 posteriore
425 3236 460 3299 in
489 3235 567 3319 ipsis
601 3236 839 3301 commentariis
871 3235 1100 3319 explicationes
1123 3237 1171 3302 ita
1196 3238 1381 3325 plerumque

134 3352 206 3423 (227)
219 3343 357 3425 proponi
374 3342 547 3421 videamus,
562 3346 598 3407 ut
611 3342 768 3426 incipiant
783 3339 840 3406 διὰ
858 3337 892 3406 τί
906 3393 914 3409 .
930 3395 937 3410 .
954 3395 961 3410 .
979 3394 987 3409 .
1002 3343 1136 3429 Scripsit
1150 3343 1380 3413 Aristoteles

216 3439 419 3536 ἀπορήματα
444 3449 496 3515 vel
523 3441 692 3536 ζητήματα
723 3449 776 3515 vel
800 3444 1025 3537 προβλήματα
1047 3442 1221 3537 Ὁμηρικᾶ.
1268 3454 1380 3540 Phryn.

215 3578 244 3639 p.
267 3562 327 3623 225
353 3551 554 3640 βασίλισσαν
577 3549 734 3621 Ἀλκαῖόν
761 3579 846 3643 φασι
867 3554 925 3623 τὸν
949 3556 1199 3645 κωμῳδοποιὸν
1220 3558 1279 3626 καὶ
1295 3554 1380 3645 Ἀρι-

216 3658 371 3750 στοτέλην
392 3660 428 3729 ἓν
447 3656 679 3752 τοῖςὋμήροο
702 3656 917 3751 ἀπορήμασιν
939 3658 1114 3752 εἰρηκέναι.
1142 3667 1282 3754 Reliqua
1295 3669 1381 3736 testi·

216 3771 324 3835 monia
358 3773 421 3837 vid.
450 3795 498 3857 ap.
526 3773 725 3839 Lobeclrium
756 3777 789 3838 et
813 3771 1018 3839 Nunnesium
1047 3774 1067 3841 l.
1092 3776 1113 3840 l.
1135 3775 1174 3840 cf.
1196 3776 1325 3844 ltuhnln
1346 3777 1380 3841 de

151 3889 200 3940 222
217 3878 352 3963 Longin.
375 3880 394 3963 ἓ
412 3885 458 3947 14.
480 3878 673 3964 Saepissime
687 3880 873 3947 Aristotelis
891 3876 1054 3968 Ὁμηρικὰ
1078 3875 1248 3968 ζητήματα
1269 3907 1289 3950 a
1307 3884 1380 3950 Por·

283 4045 321 4086 18⁷
337 4044 416 4100 Idem
427 4043 572 4099 consilium
584 4061 705 4114 agnosco
717 4045 747 4099 in
759 4047 1046 4118 praescriptisServii,
1063 4051 1097 4104 ut
1108 4047 1256 4104 homiuum
1271 4049 1381 4106 nomina

216 4146 273 4185 non
295 4129 439 4184 nominata
461 4128 592 4199 ponenda
612 4131 676 4184 sint.
710 4130 778 4185 Aen.
801 4130 840 4184 IX
863 4136 919 4188 362.
949 4132 989 4188 cf.
1013 4133 1027 4186 I
1049 4138 1089 4189 71.
1110 4139 1166 4189 174.
1199 4134 1340 4190 Iuvenalis
1355 4134 1382 4188 ct

216 4213 342 4270 Suetonii
353 4213 408 4269 loci
419 4229 503 4282 supra
513 4211 592 4267 allati
605 4213 764 4277 ostendunt,
783 4214 883 4269 horum
894 4216 1039 4271 nominum
1050 4216 1184 4272 scientiae
1196 4217 1381 4274 Romanorum

216 4297 355 4370 principes
378 4296 473 4352 avidos
494 4295 586 4351 fuisse.
609 4295 752 4367 -Saepe
774 4297 820 4352 vix
844 4299 989 4357 habebant
1010 4301 1106 4356 vexati
1129 4302 1307 4372 grammatici
1330 4317 1381 4373 quc

220 4383 414 4453 confugerent:
438 4382 473 4437 de
490 4397 546 4451 quo
562 4379 689 4451 lepidum
706 4383 842 4454 estquod
859 4384 947 4439 habet
963 4384 1063 4440 Athen.
1081 4385 1120 4439 ΙΧ
1138 4389 1213 4441 3980.
