3008 4980
217 283 277 352 206
399 274 446 340 111„
469 273 510 338 De
529 281 682 337 Aristarchi
698 272 816 337 scientia
832 278 1010 351 antiquitatis
1024 270 1206 337 Homerum·

218 449 330 533 quidni
349 471 414 514 una
435 471 508 514 cum
529 449 745 515 invalescente
766 452 915 514 accurata
934 447 1233 513 Alexandrinorum
1252 446 1377 511 scientie

217 555 426 641 diligentique
447 561 616 642 poetarum
637 556 901 642 interpretatione
921 555 957 619 hi
976 554 1067 620 lusus
1088 554 1210 620 abiecti
1229 552 1377 638 planeque

218 663 365 728 exstincti
379 664 453 728 sint.
488 663 583 741 Quod
604 665 730 728 tantum
752 663 844 728 abest
862 665 899 727 ut
919 661 1040 727 factum
1061 662 1113 739 sit,
1134 665 1174 726 ut
1194 665 1231 726 et
1247 660 1376 726 Alexan·

217 769 304 834 driae
330 771 447 835 retenti
473 771 665 854 tractatique
697 773 730 835 et
754 773 868 854 postea
890 768 1013 833 Romae
1041 767 1180 852 aliisque
1206 767 1376 833 studiorum

217 875 404 941 deversoriis
429 878 576 963 gnaviter
602 878 680 942 culti
708 880 741 942 et
762 877 803 941 ad
827 875 942 941 ultima
966 874 1097 940 saecula
1119 875 1294 960 propagati
1313 874 1374 941 sint

216 981 280 1048 Sed
296 982 407 1049 Graeci
422 985 551 1068 quidem
565 984 765 1070 grammatici
784 983 1043 1069 praestantiores,
1064 982 1177 1066 quales
1192 981 1375 1059 Zenodotus,

216 1090 458 1174 Aristophanen,
475 1091 681 1157 Aristarchus
695 1091 835 1167 fuerunt,
855 1111 961 1173 neque
975 1088 1125 1154 videntur
1137 1089 1221 1154 haec
1234 1088 1375 1174 pleraque

215 1197 249 1261 in
271 1198 518 1264 commentarios
540 1220 615 1263 suos
636 1199 803 1283 recepisse,
824 1217 929 1279 neque
949 1195 1030 1261 istos
1050 1196 1129 1262 artis
1155 1200 1289 1262 nostrae
1308 1217 1376 1261 cou-

217 1303 344 1378 ditores,
367 1305 484 1389 quibus
500 1327 539 1371 ex
552 1305 687 1389 integris
702 1308 799 1388 atque
820 1302 955 1368 illibatis
977 1324 1079 1368 novae
1102 1302 1293 1388 disciplinae
1312 1302 1377 1368 fon-

215 1411 302 1477 tibus
328 1411 456 1496 plenam
486 1432 523 1477 ac
550 1413 713 1496 copiosam
742 1410 921 1476 doctrinam
950 1409 1078 1474 haurire
1103 1408 1241 1487 licebat,
1270 1410 1378 1494 quibus

215 1517 355 1601 primum
380 1518 472 1582 rudia
498 1521 531 1583 et
559 1517 692 1584 contusa
713 1516 907 1603 exemplaria
928 1517 1122 1595 ordinanda,
1148 1516 1380 1602 distinguenda,

216 1623 425 1708 perpolienda
439 1629 538 1701 erant,
559 1624 767 1690 minutiarum
787 1624 889 1689 libido
911 1623 963 1688 vel
983 1623 1133 1688 invadere
1155 1624 1207 1688 vel
1230 1623 1381 1689 delectare

80 1796 83 1803 ,
215 1733 356 1813 poterat:
387 1731 415 1795 si
443 1731 520 1814 quid
547 1735 656 1796 autem
682 1753 716 1796 se
745 1731 901 1797 offerebat
925 1752 999 1795 vere
1024 1730 1231 1815 impeditum,
1260 1734 1298 1795 ut
1325 1729 1383 1795 nisi

216 1836 367 1919 captiosis
393 1839 515 1904 artibus
546 1839 678 1904 enodari
705 1859 800 1923 posse
828 1860 896 1903 non
921 1837 1094 1918 videretur,
1121 1840 1192 1902 turn
1212 1858 1283 1903 non
1303 1837 1383 1902 huuc

217 1942 308 2025 quasi
326 1947 452 2027 gratam
473 1944 698 2010 ostentationis
721 1943 922 2010 occasionem
943 1943 1152 2028 arripiebant,
1179 1944 1237 2009 sed
1256 1944 1385 2010 medici-

151 2062 199 2112 209
218 2071 292 2113 nam
311 2049 487 2129 habebant,
515 2074 596 2135 quae
618 2052 658 2115 ab
680 2051 831 2128 acutulis,
860 2050 968 2115 omnia
993 2049 1115 2115 solvere
1136 2052 1260 2134 paratis
1281 2073 1385 2138 gram·

216 2156 340 2220 maticis
355 2180 520 2241 nunquam
538 2158 670 2223 inventa
692 2162 783 2236 esset,
806 2156 963 2222 eruditam
984 2177 1021 2221 ac
1043 2156 1222 2241 simplicem
1243 2196 1287 2207 —-
1306 2151 1385 2222 ‹idd-

215 2281 316 2348 τησιν.
354 2261 484 2329 Illustre
510 2265 664 2330 traditum
686 2264 867 2349 exemplum
889 2267 950 2341 est,
971 2263 1194 2329 Aristarchum
1214 2265 1251 2329 in
1273 2265 1386 2331 dissol-

215 2370 327 2435 vendis
364 2373 619 2455 quaestionibus,
660 2394 742 2456 quae
778 2372 841 2437 sibi
874 2371 987 2436 inanes
1023 2371 1221 2449 viderentur,
1255 2374 1386 2438 minime

134 2483 205 2555 (212)
218 2477 388 2562 gloriolam
414 2480 617 2562 quaesivisse.
666 2478 752 2556 Quid
780 2479 865 2543 euim
891 2478 1093 2563 responderit
1113 2482 1387 2563 percontantibus,

216 2607 271 2650 cur
299 2585 333 2649 in
363 2606 496 2651 recensu
524 2587 653 2651 navium
688 2585 864 2650 aBoeotis
895 2585 1100 2669 potissimum
1133 2589 1232 2670 poeta
1259 2588 1386 2653 initium

215 2693 343 2777 ceperit,
366 2693 450 2777 apud
472 2691 677 2758 scholiastam
699 2692 740 2757 ad
762 2695 791 2754 B
811 2699 872 2759 494
893 2692 1031 2778 legimus
1051 2692 1114 2757 hoc
1135 2694 1247 2759 modo:
1268 2684 1387 2778 ἦρκται

216 2796 253 2863 δὲ
268 2792 337 2863 ἀπὸ
353 2802 514 2864 Βοιωτῶν
530 2797 614 2863 κατὰ
636 2796 697 2880 μὲν
708 2793 921 2882 Ἀρίσταρχον
944 2793 1004 2864 οὐκ
1025 2794 1062 2864 ἔκ
1081 2822 1172 2877 τινος
1192 2796 1387 2888 παρατηρή-

216 2926 299 2982 σεως
420 2907 567 2972 Alterum
588 2906 748 2972 scholion:
770 2901 788 2972 ὁ
811 2902 848 2970 δὲ
866 2899 1078 2991 Ἀρίονορχός
1099 2926 1182 2995 φησι
1203 2905 1291 2972 κατὰ
1312 2905 1387 2973 ἐπι-

217 3009 325 3099 φορὰν
347 3005 447 3079 αὐτὸν
468 3011 529 3101 τὴν
552 3007 654 3100 ἀρχὴν
672 3008 901 3099 ποιήσασθαι·
932 3005 966 3078 εἰ
987 3012 1058 3099 γὰρ
1084 3010 1151 3079 καὶ
1173 3007 1237 3078 ἀπ’
1261 3008 1386 3081 ἄλλον

216 3114 359 3196 ἔθνους
385 3111 545 3207 ἤρξατο,
582 3116 794 3206 ἐζητοῦμεν
824 3113 869 3185 ἂν
898 3118 968 3207 τὴν
993 3113 1130 3185 αἰτίαν
1155 3124 1227 3208 τῆς
1255 3115 1384 3210 ἀρχῆς.

215 3228 333 3293 Audin'
351 3228 455 3292 virum
477 3227 620 3294 sobrium
641 3231 738 3311 atque
759 3228 794 3292 in
815 3228 1001 3294 melioribus
1023 3229 1227 3314 exquirendis
1249 3252 1385 3315 occupa·

215 3337 298 3414 tum,
328 3357 401 3401 cum
433 3335 588 3401 molestos
617 3334 815 3421 argutiarum
845 3339 1039 3403 scrutatores
1067 3341 1256 3422 aspematur
1287 3343 1384 3424 atque

216 3439 336 3505 eludit?
357 3440 510 3506 Eiusdem
523 3442 650 3528 generis
670 3441 851 3527 exemplum
865 3446 1030 3527 praeterea
1050 3448 1099 3509 est
1115 3447 1230 3513 [1489.
1266 3444 1385 3511 Narrat

215 3546 261 3611 ibi
282 3550 390 3632 poeta,
419 3548 611 3633 Antiphum‚
637 3548 757 3615 Priami
778 3549 894 3626 filium,
924 3551 958 3614 in
984 3551 1107 3634 proelio
1128 3551 1262 3618 Aiacem
1291 3553 1384 3619 hasta

214 3654 359 3738 petiisse,
386 3677 457 3721 eam
481 3678 573 3734 vere,
601 3678 674 3723 cum
698 3658 738 3722 ab
759 3657 857 3722 Aiace
887 3658 1063 3738 aberraret,
1094 3658 1129 3723 iu
1149 3657 1270 3740 Leuce,
1296 3660 1383 3728 Ulixi

215 3761 302 3826 socio
325 3756 477 3846 (ἑταῖρος)
505 3763 657 3831 haesisse.
699 3764 761 3829 Hic
788 3766 934 3848 quaestio
956 3765 1030 3844 flur,
1060 3766 1094 3831 id
1124 3769 1287 3851 quomodo
1314 3767 1382 3835 fieri

215 3869 367 3954 potuerit,
397 3891 470 3935 cum
492 3893 531 3936 ex
553 3872 663 3937 ordine
685 3871 841 3938 exercitus
863 3872 975 3939 Graeci
997 3878 1171 3957 constaret,
1197 3874 1382 3943 Ithacenses

215 3976 462 4061 haudquaquam
496 3979 668 4044 statiomm
697 4000 798 4064 prope
824 3977 1015 4045 Salaminios
1041 3981 1201 4051 habuisse.
1245 3982 1382 4061 Quidam

215 4084 343 4149 solvunt
356 4084 503 4170 pessime,
526 4080 656 4168 ἑταῖρον
670 4108 736 4152 non
756 4109 825 4152 esse
840 4087 971 4167 socium,
993 4089 1049 4154 sed
1062 4089 1209 4156 universe
1231 4091 1382 4166 amicum:

215 4191 269 4256 alii
290 4191 419 4270 melius,
445 4191 479 4255 iu
504 4191 628 4277 proelio
651 4193 796 4258 ordinem
819 4194 976 4260 exercitus
998 4196 1160 4262 confundi.
1201 4196 1287 4275 Quid
1307 4199 1381 4264 Ari-

215 4299 381 4364 starchus?
401 4293 474 4375 „dg
493 4295 669 4384 ποιητικὸν
689 4303 938 4383 accurrerem,
962 4302 1041 4368 talia
1054 4303 1088 4367 in
1101 4308 1199 4389 poeta
1220 4327 1260 4370 ne
1284 4328 1382 4389 quae·
