3008 4980
201 313 241 375 90
287 306 323 361 Π,
352 305 393 360 De
410 304 586 362 Aristarchea
602 307 803 364 vocabulorum
818 309 1026 365 Homericorum
1040 306 1276 378 interpretatione.

200 472 279 536 haec
307 472 440 540 scilicet:
467 468 637 560 Ἀτρείδης
665 472 702 540 δέ
726 473 944 562 ἐρυσσάμενος
959 471 1099 562 χείρεσσι
1116 473 1280 558 μάχαιραν
1299 494 1357 558 pro

201 575 298 665 ξίφος
323 571 533 666 ἀργυρόηλον.
579 574 721 667 ,,άγνοεῖ
750 581 787 648 δέ
814 580 867 651 ότι
893 580 1039 670 Ὅμηρος
1062 580 1121 670 τὴν
1147 575 1358 668 παραξιφίδα

199 682 364 768 μάχαιραν
384 686 488 765 καλεῖ,
511 686 549 755 τὸ
573 686 610 754 δέ
630 689 889 777 πολεμιστήριον
909 687 1038 781 ξίφοςίῑ.

671 897 900 906 -σ--ι--η

735 1038 837 1127 Φρύξ

199 1212 259 1254 eoa
281 1203 326 1254 est
346 1190 460 1277 frepus,
481 1190 539 1254 sed
555 1194 655 1256 maris
676 1197 832 1258 emoriente
853 1208 941 1258 reato
962 1193 1055 1257 citari
1070 1192 1185 1268 horror¹
1206 1204 1236 1255 et
1257 1228 1298 1239 -
1318 1188 1363 1252 eie

288 1299 385 1362 voluit
406 1297 612 1363 Ανιεεανοίιτιε
632 1338 674 1346 -
694 1301 767 1385 apro
786 1302 953 1366 emorientis
964 1299 1120 1386 procellae
1141 1299 1283 1384 opimat.

283 1446 378 1511 Falso
404 1447 466 1512 hoc
487 1449 619 1513 verbum
646 1454 811 1535 acceptum
833 1453 901 1515 erat
926 1449 1088 1532 falsaeque
1108 1446 1239 1511 lectioni
1259 1446 1365 1511 locum

201 1552 331 1617 dederat
356 1557 386 1614 (D
410 1560 469 1621 126

347 1651 510 1743 θρώσκων
530 1685 581 1739 τις
601 1666 685 1727 κατὰ
707 1665 794 1746 κόμα
814 1659 974 1745 μέλαιναν
997 1654 1086 1751 φρῖχ’
1109 1654 1245 1739 ὑπαΐξει

344 1758 449 1846 ἰχθύς.

201 1874 242 1939 H.
264 1874 284 1941 l.
308 1875 510 1941 Aristonicus
531 1876 708 1943 Aristarchi
735 1880 913 1945 doctrinam
939 1877 1076 1964 explicat
1101 1877 1159 1941 sic:
1190 1868 1223 1959 (η
1248 1872 1365 1957 διπλῆ)

202 1978 287 2068 πρὸς
312 1979 349 2047 τὸ
375 1977 625 2069 σημαινόμενον.
673 1985 818 2071 Φιλητᾶς
845 1984 906 2072 γὰρ
935 1983 991 2050 καί
1018 1977 1265 2064 Καλλίστρατος
1291 1973 1365 2065 γρά-

202 2108 306 2176 φσυσι
331 2082 416 2177 φρῖχ’
443 2081 619 2177 ἐπαλύξει,
646 2087 795 2174 λέγοντες
820 2088 874 2160 ότι
894 2087 926 2158 οῖ
947 2087 1061 2169 πίονες
1080 2094 1142 2155 τῶν
1163 2082 1291 2169 ἰχθύων
1312 2083 1368 2152 καὶ

202 2186 359 2283 εύτροφοι
380 2193 417 2261 τὸ
437 2200 543 2283 ψῦχος
562 2190 768 2280 ὑπομένουσι
789 2197 845 2265 καί
868 2196 905 2265 οὐ
924 2193 1132 2290 φθείρονται,
1167 2190 1186 2261 ὁ
1212 2191 1248 2260 δέ
1269 2217 1368 2278 ποιη-

201 2299 259 2390 τὴς
285 2295 450 2369 ούόέποτε
479 2299 599 2392 φρίκην
619 2302 656 2371 τὸ
677 2310 784 2393 ψῦχος
809 2301 954 2394 εἴρηκεν,
984 2300 1071 2371 aare
1098 2303 1135 2372 τὸ
1164 2301 1200 2369 ἐκ
1228 2300 1369 2392 γαλήνης

201 2411 334 2490 πρῶτον
360 2404 604 2494 ἐξορθούμενον
629 2416 724 2497 κῦμα,
746 2408 928 2496 ὁμωνύμως
955 2410 991 2478 ct
1010 2410 1114 2498 τούτῳ
1141 2408 1198 2477 καί
1218 2408 1277 2476 τὸν
1297 2403 1369 2474 άνε-

201 2539 267 2600 μον
293 2514 351 2582 τὸν
377 2514 479 2584 οίονεί
505 2513 713 2598 ἐπιστίζοντα
739 2519 796 2605 τὴν
817 2517 1007 2588 θάλασσαν·
1037 2520 1117 2607 ,,οῖη
1142 2514 1179 2584 δέ
1198 2514 1368 2607 Ζεφύροιο

203 2617 335 2703 ἐχεύατο
349 2620 472 2691 πόντον
487 2619 545 2691 ἐπι
560 2620 659 2713 φρίξ“
677 2631 726 2710 (Η
739 2632 791 2712 63)
813 2627 869 2695 καί
883 2623 955 2708 ,κός
976 2622 1007 2692 δ’
1031 2621 1099 2693 ἐπὸ
1120 2623 1239 2715 φρικὸς
1252 2619 1369 2707 Βορέω

202 2724 444 2810 (ἀναπάλλεται
465 2728 561 2813 ἰχθύς
582 2728 649 2798 θῖν’
674 2732 708 2799 ἐν
730 2730 909 2823 φυκιόεντι,
930 2732 1015 2821 μέγα
1038 2731 1077 2798 δέ
1098 2735 1160 2818 (vel
1180 2733 1290 2819 potius
1311 2724 1370 2811 μέ-

204 2836 265 2901 λαν
291 2835 339 2922 δε)
365 2834 381 2905 ἐ
406 2844 494 2925 κῦμα
520 2839 703 2907 καλόπτει“
735 2846 768 2906 Ψ
788 2848 870 2928 692).
908 2838 1014 2933 [ἡμεῖς
1041 2839 1077 2907 δέ
1103 2836 1242 2924 λέγομεν
1264 2839 1382 2926 ψύχος

204 2938 302 3028 κρύος
328 2945 385 3012 καί
409 2943 555 3037 πάχνην]
601 2945 688 3015 ἐστιν
719 2940 776 3015 σύν
808 2949 846 3017 τὸ
873 2944 1060 3035 λεγόμενον·
1093 2934 1257 3031 μέλαιναν
1282 2937 1369 3034 φρῖχ’

202 3043 351 3137 ὑπαΐξει,
376 3052 413 3119 τὸ
441 3052 547 3135 μέλαν
568 3059 655 3137 κῦμα
677 3054 938 3140 ὑποτροχάσεται
960 3052 1065 3137 ἰχθύς.
1100 3057 1190 3121 Eust.
1212 3055 1253 3119 ad
1274 3056 1315 3116 H
1333 3057 1372 3120 63

205 3155 256 3226 ὅτι
283 3162 386 3249 φρῖκα
413 3157 564 3250 Ζεφύρου
595 3163 692 3227 καλεῖ
716 3161 775 3252 τὴν
806 3160 938 3252 πρώτην
962 3157 1124 3253 ἠρεμαῖον
1155 3153 1257 3226 αὐτοῦ
1286 3155 1372 3224 κατὰ

204 3262 378 3354 θαλάσσης
405 3265 594 3334 ἐπίπνοιαν.
633 3271 679 3337 Et
703 3272 802 3341 schol.
833 3272 853 3336 ό
877 3279 938 3341 462
965 3269 1060 3360 φρικὶ
1086 3272 1126 3359 τῇ
1154 3263 1374 3354 ἐπιγενομένη

204 3370 346 3463 μελανίηι
377 3373 411 3441 ἐν
441 3379 488 3462 τῷ
515 3377 547 3456 (l.
574 3371 698 3463 πόντῳ)
731 3375 767 3443 ἐκ
798 3381 857 3465 τῆς
887 3373 1090 3445 ἐπιπολαίου
1125 3370 1283 3460 κινήσεως
1309 3375 1375 3437 τιῖν

204 3476 334 3549 ύάάτων
360 3482 456 3566 (κατὰ
485 3482 545 3561 τὰς
569 3479 669 3567 άρχάς
692 3488 758 3549 τῶν
784 3479 913 3567 άνὲμων
939 3489 1083 3555 additum
1103 3487 1137 3549 in
1159 3483 1262 3549 altero
1284 3482 1374 3564 sch).

205 3589 281 3655 Non
306 3592 432 3658 videtur
461 3593 675 3658 necessarium
700 3593 800 3658 fuisse
827 3593 960 3659 alteram
987 3591 1257 3680 significationem
1283 3611 1375 3654 assu-

206 3721 305 3777 mere,
329 3703 363 3764 ut
383 3701 484 3785 ipsius
506 3701 678 3766 exorientis
700 3699 860 3785 procellae
883 3701 1017 3786 agitatio
1039 3699 1211 3775 iudicetur,
1240 3718 1282 3761 ne
1304 3700 1376 3760 tum

208 3806 336 3888 quidem
369 3806 396 3871 si
418 3810 456 3869 H
479 3812 517 3875 63
543 3800 679 3889 μελάνει
707 3805 745 3871 δέ
770 3829 804 3870 τε
833 3799 969 3891 πόντον,
999 3829 1079 3891 quae
1106 3805 1168 3869 fuit
1193 3802 1377 3867 Aristarchi

206 3913 316 3991 lectio,
342 3915 547 3998 approbatur.
587 3914 776 3979 Passovium
802 3937 931 3999 quoque
958 3916 992 3978 in
1013 3913 1118 3998 priore
1138 3909 1376 3994 significatione

208 4021 403 4105 acquievisse
438 4021 544 4085 video:
586 4022 641 4086 sed
668 4021 820 4087 Vossium
860 4022 892 4082 Ψ
918 4026 979 4088 692
1014 4020 1146 4084 alteram
1181 4017 1376 4101 expressisse

209 4128 297 4210 („wie
325 4149 383 4191 vor
409 4128 481 4193 dem
508 4128 721 4193 kriuselnden
747 4127 838 4192 Nord
864 4127 915 4192 ein
939 4126 1034 4191 Fisoh
1059 4147 1116 4188 aus
1143 4122 1214 4186 dem
1241 4120 1378 4186 Wesser

152 1643 185 1692 oo

136 1720 189 1791 (99)

210 4236 454 4321 emporsteigt“).
477 4234 625 4300 Ceterum
636 4234 691 4298 illa
704 4235 852 4317 aequoris
862 4235 1000 4318 primum
1012 4234 1108 4297 rento
1121 4228 1376 4294 exhorrescentis

210 4343 342 4431 agitatio
357 4341 454 4426 vulgo
477 4340 638 4406 aGraecis
657 4342 821 4406 dicebatur
840 4336 951 4429 φρίκη,
969 4339 1104 4404 'Aristot
1126 4333 1228 4420 probl,
1252 4338 1301 4413 23,
1324 4339 1374 4401 23.
