3008 4980
218 297 276 360 166
396 288 444 346 III.
472 287 514 342 Da
532 285 686 343 Aristarchi
703 287 819 344 scicntia
835 287 1012 358 antiquitus
1028 285 1200 344 Homericae.

216 452 288 544 ρίην
311 449 343 520 δ’
367 453 490 540 ἐπιβὰς
511 453 548 536 ἐξ
569 451 710 541 αἰθέρος
729 451 852 539 έμπεσε
873 451 1023 542 πόντῷῑί.
1059 456 1130 534 Quo
1145 457 1219 523 loco
1242 456 1386 522 scholion

216 569 279 645 esi,
306 567 391 650 quod
412 570 503 650 patet
526 589 564 631 ex
585 565 636 630 his
657 564 802 631 fontibus
828 587 989 632 manasse:
1019 557 1200 650 ἀναγκαῖον
1227 561 1266 629 τὸ
1295 558 1385 640 ἔπος,

217 668 270 738 ότι
292 665 370 757 όρος
383 665 560 753 Ὄλυμπος
580 674 671 739 θεῶν
693 665 883 758 οἰκητήριον
910 670 995 736 κατὰ
1016 669 1074 738 τὸν
1095 665 1250 759 ποιητήν.
1292 671 1387 737 Prae·

216 783 309 866 cipue
330 784 409 847 ncta
424 781 540 867 dignus
561 781 615 847 ille
632 779 724 846 locus
746 775 791 862 (Ξ
805 784 884 862 174),
904 781 962 846 ubi
975 779 1057 848 Iuno
1078 781 1113 845 in
1128 780 1268 865 Olympo
1284 778 1386 845 thala·

216 912 305 954 mum
319 911 413 954 suum
428 889 574 973 ingressa
589 909 622 953 se
645 891 778 953 exornai
800 892 1032 974 unguentoque
1054 889 1249 955 beneolente
1271 909 1386 972 corpus

217 997 347 1082 unguii:

298 1105 356 1189 τού
377 1095 516 1188 (έλαίου)
540 1099 596 1168 καί
617 1098 807 1186 κινυμένοιο
828 1100 914 1181 Διὸς
934 1101 1018 1169 κατὰ
1038 1099 1244 1188 χαλκοβατὲς
1266 1102 1316 1167 δῷ

299 1206 407 1297 έμπης
427 1206 462 1287 ές
483 1205 581 1293 χαῖοίν
597 1233 633 1274 τε
654 1208 711 1276 καί
734 1204 876 1293 οὐρανὸν
897 1204 974 1276 ἵκετ’
1000 1204 1119 1298 ἀϋτμή,

217 1321 273 1386 ubi
299 1319 473 1385 clarissime
500 1318 656 1404 Olympus
683 1342 701 1384 a
728 1319 817 1385 coelo
845 1320 1068 1406 disiinguitur:
1101 1313 1133 1405 (ἡ
1157 1316 1277 1404 διπλῆ)
1304 1314 1387 1402 πρὸς

216 1425 257 1491 τὰ
278 1422 356 1511 περί
375 1428 434 1491 τοῦ
453 1417 639 1510 Ὀλύμπου,
666 1420 719 1492 ότι
742 1418 802 1491 οὐκ
823 1420 911 1491 ἔστιν
933 1423 952 1492 ὁ
975 1419 1074 1504 αὐτὸς
1092 1429 1139 1512 τῷ
1162 1418 1294 1512 οὐρανῷ
1312 1418 1387 1491 οὐδὲ

217 1526 323 1610 τόπος
342 1535 402 1599 τού
422 1525 577 1616 οὐρανοῦ·
601 1524 659 1596 ἀπ’
683 1526 786 1598 αὐτοῦ
808 1528 869 1618 χάρ
892 1555 975 1621 φησι
995 1531 1053 1620 τήν
1074 1526 1183 1620 ὀσμήν
1202 1536 1263 1600 τοῦ
1282 1526 1386 1618 μύρου

135 1638 206 1708 (1⁷1)
218 1633 345 1722 όμοίως
358 1638 416 1705 καὶ
429 1634 477 1718 εἰς
499 1633 639 1726 οὐρανὸν
661 1633 883 1729 ἀφικνεῖσθαι
903 1638 960 1730 καί
981 1635 1029 1719 εἰς
1048 1643 1117 1727 χήν.
1152 1641 1251 1707 τούτο
1275 1637 1313 1705 δέ
1334 1635 1387 1705 έπί

217 1751 282 1812 τῶν
312 1740 468 1813 ἀνωτάτω
496 1750 556 1814 τού
586 1741 684 1832 όρους
713 1751 868 1837 κορυφῶν
889 1742 1105 1838 συμφωνήσει
1124 1741 1200 1813 ἰσον
1221 1742 1387 1834 όιάστημα

218 1851 276 1920 έπί
297 1856 357 1940 χήν
379 1852 436 1920 καὶ
459 1849 600 1941 οὐρανὸν
621 1851 812 1939 λαμβάνειν.
848 1858 921 1924 Ηοο
943 1858 1033 1924 dicit:
1058 1879 1124 1922 non
1149 1857 1309 1923 absonum
1331 1857 1387 1922 erit

220 1987 258 2031 cx
282 1965 345 2029 hcc
370 1964 442 2029 loco
472 1964 621 2050 coliigere
650 1988 670 2030 a
696 1966 828 2030 summis
851 1966 981 2051 Olympi
1009 1964 1227 2031 cacuminibus
1249 1965 1291 2030 ad
1312 1987 1386 2030 con·

218 2094 298 2136 vexa
313 2070 395 2136 coeli
416 2074 511 2156 (quac
525 2072 578 2137 hic
592 2071 830 2155 intelliguntur)
851 2077 949 2157 cique
970 2074 1011 2138 ad
1032 2077 1150 2137 terram
1171 2093 1229 2156 par
1248 2072 1386 2158 spatium

220 2179 281 2244 sibi
302 2178 432 2245 finxisse
453 2178 640 2246 Homerum.
684 2179 749 2246 Sed
778 2180 841 2245 hoc
866 2180 955 2245 illinc
982 2180 1194 2245 certissimum
1215 2180 1386 2266 Olympum

218 2289 362 2351 montem
383 2310 402 2351 a
423 2287 513 2352 coelo
536 2286 695 2353 diversum
714 2309 791 2353 esse.
828 2287 908 2353 (ium
926 2288 978 2353 his
996 2288 1058 2353 alia
1072 2287 1180 2354 omnia
1194 2288 1385 2373 conspirent.

222 2394 252 2458 Θ
266 2401 306 2463 46
321 2382 352 2479 (ἡ
372 2391 491 2478 διπλῇ)
506 2388 560 2462 ότι
575 2388 737 2459 οὐδέποτε
752 2384 826 2458 εἰπε
838 2393 1002 2481 μεσσηγὺς
1022 2389 1118 2481 χαίης
1137 2417 1173 2460 τε
1196 2391 1253 2460 καί
1264 2387 1385 2478 Ὀλύμ-

219 2525 285 2567 που
308 2496 492 2591 νιφόεντος·
527 2495 606 2567 οὐδέ
626 2498 682 2566 τὸν
700 2494 877 2584 Ὀλυμπον
903 2495 1113 2586 ἀστερόεντα·
1148 2498 1306 2590 διαφέρει
1326 2500 1385 2587 χάρ

219 2603 288 2674 κατ’
306 2603 406 2676 αὐτὸν
421 2602 630 2695 δ’Ὀλυμπος
642 2614 701 2677 τοῦ
716 2603 865 2694 οὐρανοῦ.
902 2613 932 2675 Θ
945 2616 985 2679 68
1001 2601 1089 2697 ήμος
1104 2604 1135 2676 δ’
1151 2604 1268 2696 ήέλιος
1287 2607 1386 2693 μέσον

219 2712 360 2806 οὐρανὸν
381 2712 625 2807 ἀμφιβεβήκειε
647 2716 678 2807 (ἡ
704 2718 822 2807 διπλή)
844 2714 898 2785 ότι
920 2711 1084 2785 οὐδέποτε
1104 2713 1140 2783 έν
1150 2711 1312 2805 Ὀλύμπῳ
1331 2715 1387 2783 τὸν

218 2823 330 2914 ήλιον,
361 2820 434 2892 ἀλλ’
459 2825 495 2892 έν
522 2821 668 2915 οὐρανῷ·
702 2820 762 2892 οὐκ
782 2821 847 2911 ἀρα
869 2819 888 2893 ὁ
912 2820 1011 2902 αὐτὸς
1031 2827 1078 2912 τῷ
1099 2819 1240 2911 οὐρανῷ.
1261 2865 1302 2876 -
1322 2829 1385 2895 De·

219 2937 317 3021 nique
344 2936 372 3002 si
398 2937 470 3020 quis
492 2937 589 3002 simul
611 2936 728 3002 dicitur
749 2937 783 3000 in
805 2937 931 3002 coelum
951 2935 1076 3001 venisse
1100 2939 1133 3000 ei
1153 2934 1187 2999 in
1206 2935 1385 3021 Olympum,

216 3046 279 3110 hcc
300 3045 375 3110 inde
400 3043 622 3128 explicandum
645 3044 732 3128 quod
754 3067 827 3111 cum
842 3044 970 3130 Olympi
992 3043 1158 3108 cacumina
1178 3042 1264 3109 ultra
1285 3045 1385 3128 nubes

218 3153 430 3218 extenduntur
449 3151 483 3215 in
504 3151 576 3216 illas
598 3151 761 3235 regiones,
783 3175 862 3236 quas
886 3159 918 3217 ολ
939 3144 1064 3235 αἰθέρα
1086 3154 1120 3216 οἰ
1141 3142 1282 3233 οὐρανόν
1304 3151 1385 3230 dicit,

216 3259 297 3325 illud
317 3260 494 3326 rectissime
517 3259 641 3324 dicitur.
682 3261 720 3321 A
740 3265 800 3326 497
821 3251 916 3345 ήερίη
943 3251 974 3322 δ’
999 3251 1099 3343 ἀνέβη
1120 3253 1225 3342 μέγαν
1247 3251 1386 3342 οὐρανὸν

222 3359 402 3448 Οὐλυμπόν
423 3390 475 3432 τε.·
496 3362 549 3432 ότι
570 3361 674 3443 ούτως
695 3358 823 3451 εἴρηκεν
845 3360 904 3446 οὐχ
925 3360 970 3443 ὡς
983 3368 1043 3431 τοῦ
1060 3358 1233 3448 Ὀλύμπου
1254 3359 1307 3431 ἀπ’
1331 3359 1387 3431 οὐ·

218 3476 320 3555 ρανού
335 3467 438 3560 ὄντος,
460 3467 532 3538 ἀλλ)
550 3470 624 3539 έπεί
638 3470 695 3539 καί
716 3467 751 3537 αἰ
773 3471 918 3559 κορυφαὶ
937 3476 997 3540 τοῦ
1018 3466 1117 3558 όρους
1136 3467 1219 3558 ύπέρ
1240 3471 1283 3538 τὰ
1305 3469 1386 3563 νέφη

218 3575 314 3646 εἰσίν·
340 3577 358 3648 ό
387 3578 424 3646 δέ
449 3577 532 3666 ύπέρ
558 3579 600 3646 τὰ
625 3577 709 3670 νέφη
737 3572 843 3658 τόπος
869 3574 1009 3665 οὐρανὸς
1033 3581 1184 3646 καλεῖται
1205 3573 1388 3664 ὁμωνύμως

217 3692 265 3774 τῷ
285 3684 473 3775 στερεμνίῳ.
508 3682 597 3754 ἀλλὰ
619 3691 710 3773 (haec
725 3712 788 3755 vox
806 3693 964 3776 corrupta,
986 3690 1136 3756 fortasse:
1157 3685 1214 3753 καὶ
1229 3680 1387 3774 ἀλλαχοῦ)

218 3794 275 3862 καί
302 3794 337 3862 έν
363 3791 493 3884 οὐρανῷ
519 3796 576 3863 καὶ
602 3795 637 3864 έν
656 3791 816 3883 Ὀλύμπῳ
843 3794 1011 3881 χεχονέναι
1043 3791 1145 3883 αὐτὴν
1166 3793 1265 3880 λέγει.
1306 3797 1388 3865 Item

219 3907 250 3970 Ω
264 3913 304 3974 97
326 3901 412 3992 πρὸς
431 3903 473 3970 τὰ
494 3901 624 3991 πέρατα
647 3907 680 3987 (l.
694 3902 783 3988 περὶ)
804 3908 865 3970 τοῦ
876 3898 1063 3988 Ὀλύμπου·
1087 3898 1227 3991 οὐρανὸν
1249 3902 1311 3990 χὰρ
1335 3907 1388 3970 νῦν

155 4027 202 4081 168
221 4006 324 4079 εἰπὼν
339 4008 470 4097 ὐποβάς
485 4033 585 4101 φησιν
598 4017 683 4099 (104)
704 4007 855 4100 »ἤλυθες
874 4007 1128 4096 Οὐλυμπόνδεῑί.
1166 4022 1223 4083 104
1245 4009 1299 4079 ότι
1320 4006 1387 4079 ἀνω

219 4112 311 4187 εἶπεν
333 4115 380 4199 εἰς
402 4114 543 4208 οὐρανὸν
564 4114 742 4209 ἀϊχθήτην,
776 4122 831 4186 νύν
854 4117 890 4186 δέ
910 4115 958 4199 εἰς
969 4115 1146 4204 ’Ὀλυμπον
1167 4118 1389 4207 παραγεγονέ-

220 4250 286 4294 ναι·
315 4224 350 4295 αἰ
371 4226 433 4314 γὰρ
452 4226 598 4317 κορυφαὶ
618 4233 678 4296 τοῦ
696 4224 867 4314 Ὀλύμπου
890 4225 1095 4316 έπουράνιοι.
1131 4236 1188 4298 121
1211 4225 1243 4317 (ἡ
1268 4229 1387 4315 διπλῆ)

220 4333 273 4404 ὅτι
297 4331 402 4404 πόλιν
428 4334 466 4418 ἐξ
480 4329 653 4422 Ὀλύμπου
675 4334 765 4423 λέχει
785 4333 948 4405 κατιέναι·
980 4330 1048 4404 ἀνω
1072 4333 1110 4404 δέ
1131 4341 1196 4421 (97)
1218 4330 1389 4423 ,,οὐρανὸν
