3008 4980
215 316 274 377 170
393 305 440 363 III.
465 306 507 361 De
524 307 679 365 Aristarchi
695 309 812 365 scientio
828 309 1005 380 antiquitatis
1022 311 1195 371 Homericae.

213 468 429 558 τανυπτέρυγι
463 468 640 564 λιγυφώνῳ
676 469 817 559 οὐρανοῦ
852 475 890 544 ἐκ
929 474 1116 546 κατέπαλτο
1158 472 1202 545 δι’
1240 475 1380 564 αἰθέρος

214 583 265 668 <T
282 583 367 667 351).
868 636 874 649 .

294 691 366 757 Hoc
379 690 452 757 ideo
474 713 566 758 secus
586 692 745 759 intellexit
758 693 962 760 Aristarchus
984 697 1070 780 quod
1092 687 1235 779 οὐρανόν
1253 700 1379 781 praeter

213 822 283 865 eam
298 798 337 864 de
359 821 423 884 quc
443 822 529 865 nunc
551 801 676 884 egimus
698 801 965 885 significationem
985 803 1111 888 putavit
1132 804 1231 869 etiem
1251 801 1292 869 τὸ
1314 824 1378 869 στι-

213 902 347 989 ρέμνισν
375 907 555 992 significare
581 909 630 990 (ut
650 909 809 992 Vossius).
851 907 937 975 Illud
960 909 1197 977 firmamentum
1223 912 1380 978 intellexit

213 1015 282 1081 sine
297 1015 394 1081 dubio
411 1015 538 1100 quando
555 1015 671 1081 dicitur
692 1008 735 1081 δι’
757 1009 899 1100 αἰθέρος
921 1007 1062 1099 οὐρανὸν
1083 1006 1153 1082 ἷκεν
1168 1023 1203 1085 et
1222 1019 1379 1086 intellexit

213 1124 247 1189 in
270 1146 307 1190 eo
328 1124 401 1190 loco
423 1123 479 1189 ubi
502 1124 540 1188 de
561 1122 694 1189 Iunonis
716 1128 883 1208 unguento
906 1124 1022 1191 dicitur

316 1224 423 1316 ἔμπης
445 1224 479 1307 ἒς
500 1223 597 1314 γαῖάν
616 1253 652 1294 το
672 1227 729 1295 καὶ
750 1223 892 1313 οὐρανὸν
912 1224 990 1296 ἵκετ’
1013 1225 1121 1319 ἀϋτμή
1143 1229 1193 1319 <Ξ
1214 1234 1301 1318 174),

212 1340 297 1406 unde
319 1341 369 1423 (ut
382 1339 531 1424 vidimus)
552 1361 619 1404 non
637 1340 746 1424 inepte
768 1339 878 1425 colligi
898 1341 1024 1425 putavit
1043 1340 1123 1406 illud
1142 1341 1379 1411 firmamentum

213 1449 254 1513 cb
277 1446 406 1532 Olympi
432 1447 650 1512 cacuminibus
680 1451 807 1514 tantum
836 1448 903 1513 fere
932 1449 1044 1513 abesse
1071 1451 1229 1532 quantum
1254 1452 1378 1517 terrem

212 1553 282 1621 Nec
302 1558 439 1641 possunt
459 1576 526 1620 non
547 1555 612 1619 tale
633 1555 754 1639 fingere
775 1555 1027 1636 firmamentum,
1057 1577 1122 1640 quo
1147 1559 1220 1622 tote
1244 1579 1379 1642 superne

215 1660 420 1740 clauduntur,
448 1662 504 1746 qui
533 1654 672 1745 οὐρανὸν
697 1656 921 1747 παγχάλκεον,
950 1656 1106 1749 σιδήρεον
1133 1664 1263 1750 proprio
1286 1686 1378 1734 sensu

215 1770 383 1854 occipiunt.
435 1768 528 1846 Quod
554 1769 660 1853 ipsum
684 1769 907 1835 Aristarchum
932 1770 1046 1836 fecisse
1074 1775 1154 1856 puto
1177 1772 1268 1852 inde,
1296 1772 1379 1857 quod

214 1878 248 1941 in
269 1876 333 1942 illis
355 1876 530 1942 notissimis
554 1877 698 1943 versibus
720 1875 752 1959 (λ
773 1880 846 1960 313)

277 1983 313 2048 οἵ
331 1987 372 2068 ῥα
393 1980 450 2048 καὶ
471 1975 694 2050 ἀθανάτοισιν
715 1976 900 2071 ἀπειλήτην
921 1980 956 2048 ἐν
975 1976 1134 2071 Ὀλύμπῳ

277 2082 451 2179 φυλόπιδα
473 2083 606 2176 στήσειν
626 2085 811 2169 πολυάϊκος
830 2088 1012 2174 πολέμοιο·

267 2191 394 2263 ’Όσσαν
415 2191 467 2263 ἐπ’
495 2192 666 2286 Οὐλύμπῳ
686 2195 841 2283 μέμασαν
862 2195 978 2285 θέμεν,
1000 2191 1103 2283 αὐτὰρ
1126 2192 1179 2265 ἐπ’
1194 2192 1302 2288 ’Όσσῳ

275 2301 409 2393 Πήλιον
430 2300 672 2396 εἰνοσίφυλλον,
696 2301 735 2373 ἵν’
760 2301 901 2391 οὐρανὸς
921 2299 1073 2390 ἀμβατὸς
1094 2299 1155 2392 εἴη.

134 2412 205 2482 (176)
218 2415 299 2481 duos
325 2415 456 2481 ultimos
485 2439 543 2501 pro
577 2417 693 2503 spuriis
720 2417 835 2482 hebuit
865 2421 898 2481 et
924 2414 1054 2500 quidem
1085 2437 1154 2480 eom
1182 2417 1224 2482 ob
1256 2438 1380 2483 causum

217 2524 303 2606 quod
323 2546 374 2589 res
396 2547 462 2590 non
483 2525 552 2591 fieri
573 2528 695 2611 posset:
717 2516 918 2589 άθετυῦνται
939 2515 1174 2600 signiticaret.
1210 2523 1380 2602 Quidvero

216 2630 413 2714 impossibile
446 2632 508 2698 nisi
540 2634 580 2698 ud
609 2633 733 2700 coelum
760 2631 931 2698 escendere
957 2635 1135 2697 aeneum?
1169 2631 1303 2698 Etenim
1331 2631 1381 2696 ille

216 2738 375 2803 mirabilia
401 2762 477 2806 sune
504 2740 614 2806 Vossii
639 2741 797 2806 foramine
824 2739 872 2805 illi
902 2740 936 2804 in
960 2742 1103 2806 mentem
1128 2760 1195 2804 non
1222 2743 1381 2806 renerent

216 2845 286 2911 Nos
301 2870 374 2912 eum
388 2847 495 2914 locum
509 2849 555 2914 sic
573 2849 776 2934 explicamus.
803 2848 975 2934 Olympum
989 2847 1167 2913 escendunt
1177 2847 1224 2891 ¹⁰²
1235 2846 1380 2924 Aloidce3

217 2957 287 3019 tum
307 2955 361 3019 Dii
387 2955 462 3021 illos
488 2956 650 3042 fugientes
675 2958 710 3023 in
736 2957 851 3024 altiora
878 2955 960 3021 coeli
981 2954 1167 3040 aufugiunt
1199 2975 1283 3038 quse
1305 2953 1381 3020 coeli

217 3061 332 3128 altiore
358 3066 395 3128 ut
421 3066 454 3128 et
480 3064 542 3148 ipsi
571 3067 740 3131 ascendere
766 3065 904 3149 possint,
930 3085 1003 3129 cum
1031 3083 1105 3126 aere
1131 3062 1200 3127 sine
1226 3060 1381 3128 machinis

217 3170 387 3236 escendere
409 3173 635 3256 nonpossint,
659 3176 788 3238 montes
810 3175 1027 3257 superstruere
1049 3169 1234 3235 moliuntur.
1275 3169 1314 3235 ln
1333 3169 1381 3234 his

216 3277 317 3363 igitur
337 3280 447 3362 rebus,
469 3301 551 3363 quoe
573 3280 614 3344 ud
636 3278 809 3363 Olympum
831 3285 864 3345 et
884 3279 1028 3346 Urcnum
1049 3276 1226 3362 pertinent,
1251 3276 1316 3343 hoc
1336 3276 1382 3342 di-

218 3384 345 3450 stichon
368 3387 450 3451 nihil
470 3390 590 3471 peccet.

154 3499 202 3551 1⁷2
303 3493 356 3560 Sic
383 3515 442 3577 ego
469 3496 548 3560 haec
574 3495 761 3580 scripseram
788 3494 826 3558 de
852 3495 903 3559 his
928 3492 1071 3559 versibus
1099 3489 1231 3556 illorum
1253 3489 1384 3556 consiliu

151 3657 154 3662 .
217 3603 483 3685 proponentibus,
506 3603 570 3687 qui,
591 3607 629 3669 ut
648 3602 806 3667 Pindarus
827 3601 915 3684 dixit,
935 3595 1107 3675 πίτνοντος
1126 3594 1219 3662 θοὰν
1240 3593 1385 3679 κλίμακα

219 3701 358 3791 οὐρανὸν
380 3704 415 3785 ἐς
435 3702 536 3773 αἰπὺν
558 3711 606 3776 dis
626 3710 705 3795 ipsis
719 3709 840 3775 bellum
856 3709 972 3776 inferre
987 3707 1146 3774 volebant.
1181 3703 1259 3772 Non
1278 3728 1384 3771 assen-

218 3839 272 3881 sus
301 3821 349 3882 est
370 3816 554 3884 Nitzschius
580 3816 724 3903 (νοΙζΙΠ
743 3841 775 3902 p.
797 3820 879 3900 249).
921 3817 1019 3884 Cuius
1040 3819 1148 3881 temen
1170 3812 1315 3899 ungrrlns
1336 3835 1385 3879 ru·

218 3925 324 3990 tiones
353 3928 464 3991 contro
491 3926 644 3991 excitatas
671 3925 781 3991 videor
802 3925 881 3991 mihi
903 3924 1048 3991 refellere
1070 3942 1174 4006 posse.
1216 3919 1304 3987 Nam
1321 3920 1384 4006 pri-

286 4126 323 4168 1⁰⁷
344 4124 441 4194 Magni
457 4124 635 4180 aestimamus
652 4124 799 4180 Voclckeri
817 4140 943 4194 operom3
966 4122 988 4178 si
1005 4125 1101 4177 temen
1122 4137 1218 4175 verum
1236 4119 1385 4175 dicendum

220 4213 270 4278 est,
288 4209 364 4280 quod
375 4210 411 4264 de
422 4209 475 4266 hoc
486 4210 547 4264 loco
566 4208 743 4279 excogitavit,
762 4209 815 4264 hoc
832 4209 951 4264 nimium
968 4206 1117 4262 ridiculum
1135 4209 1185 4262 est.
1211 4204 1251 4260 ef.
1264 4203 1385 4261 uiuum

221 4295 271 4352 Od.
288 4297 316 4350 H
332 4314 360 4367 p.
378 4299 418 4351 94.
452 4296 576 4350 Aeneum
597 4297 627 4350 et
649 4294 770 4350 ferreum
792 4292 900 4349 coelum
917 4310 975 4348 non
991 4291 1103 4362 proprie
1122 4289 1179 4345 dici
1196 4289 1234 4360 (p.
1253 4290 1279 4360 t)
1297 4305 1384 4345 smen-

220 4381 306 4437 timur
323 4381 357 4437 ei.
