3008 4980
449 336 472 387 5.
501 329 654 386 Aristarchi
672 330 706 385 de
723 329 767 384 his
783 329 867 385 rebus
883 329 991 384 merita
1242 337 1302 401 239

217 496 307 562 Haec
327 500 402 581 post
423 503 616 578 commenta,
640 498 719 564 haec
741 503 816 584 post
837 500 1010 584 nugatoria
1032 503 1065 564 et
1084 498 1226 564 violenta
1246 521 1302 564 co·
1315 474 1384 596 (2²4⁴29)

134 606 265 669 nemina
285 605 410 670 intuere
424 605 604 672 Aristarchi
624 607 708 673 viam
729 611 761 672 et
781 608 947 691 rationem,
969 629 1065 691 quam
1087 628 1125 672 ex
1138 605 1302 691 fragmen·
1315 620 1385 692 (250)

139 842 164 895 Τ
179 846 219 896 53.
247 838 292 895 Sic
313 838 388 896 enim
405 840 580 909 Pherecydes
598 858 662 897 eum
679 841 799 907 dixerat,
821 844 894 897 teste
912 840 995 896 schol.
1014 839 1040 895 V
1057 841 1084 897 h.
1102 840 1120 895 I.
1153 839 1205 895 Hic
1222 839 1304 895 facile

134 924 218 980 credo
236 925 426 994 Pherecydem
443 925 586 995 Cynonem
608 944 641 982 ex
663 943 711 982 suo
728 927 849 982 Homero
871 925 1009 981 hahuisse.
1044 925 1177 980 Similiter
1198 925 1305 980 iudicat

134 1010 220 1064 schol.
238 1010 317 1064 Pind.
338 1009 379 1064 Ol.
398 1010 453 1064 VII
470 1016 515 1077 42,
538 1011 588 1066 ubi
605 1010 759 1082 Tlepolemi
776 1014 867 1067 mater
885 1028 903 1065 a
919 1011 1041 1067 Pindaro
1059 1009 1162 1065 dicitur
1177 1001 1304 1066 Ἀστυδά-

134 1112 212 1163 μεια,
229 1112 302 1164 quae
313 1095 434 1150 Homero
452 1098 494 1150 est
510 1096 547 1166 (Β
558 1096 619 1168 658)
635 1088 807 1166 Ἀστυόχεια,
825 1089 922 1160 ,εἰκός
939 1093 971 1150 a
988 1088 1041 1150 τόν
1052 1096 1201 1168 Πίνδαρον
1218 1086 1305 1149 ύπαν-

134 1189 221 1249 τῆσαι
239 1179 329 1249 ταύτη
346 1183 383 1249 τῇ
399 1183 522 1251 γραφη“.
559 1179 639 1246 Quod
663 1180 693 1234 in
710 1180 764 1235 hoc
781 1181 908 1251 exemplo
931 1179 1018 1249 (quod
1036 1178 1107 1234 alter
1124 1177 1307 1234 schol.'aliter

134 1261 259 1317 iudicare
276 1262 398 1332 videtur)
422 1281 592 1333 quamquam
614 1264 712 1334 negari
735 1282 791 1320 non
808 1268 903 1336 potest
919 1267 1015 1319 tamen
1032 1282 1090 1319 non
1106 1280 1176 1335 opus
1193 1267 1235 1319 est
1252 1280 1306 1318 cre-

136 1347 209 1403 dere.
238 1345 344 1402 Eadem
356 1365 374 1402 a
385 1349 546 1418 Pherecyde
557 1348 641 1405 tortio
653 1348 783 1404 seditem
799 1348 883 1403 simili
902 1349 1014 1404 nomine
1032 1349 1109 1405 dicta
1120 1341 1306 1420 Ἄστυγένεια.

135 1433 210 1487 Nam
221 1433 292 1488 haec
309 1433 454 1489 nominum
470 1435 501 1489 in
518 1433 646 1490 similiter
663 1434 851 1504 significantia
867 1435 1082 1502 transformatio,
1100 1434 1135 1490 de
1153 1451 1210 1503 qua
1225 1432 1308 1488 multi

136 1518 274 1583 dixerunt,
292 1518 435 1575 invenitur
447 1519 532 1575 etiam
544 1520 575 1574 in
588 1518 727 1588 mythicis.
749 1519 959 1591 simplicissima
969 1521 1034 1574 sunt
1046 1523 1091 1589 (ne
1103 1536 1178 1573 nunc
1190 1536 1224 1574 ea
1236 1535 1307 1573 oom-

135 1620 288 1660 memorem
305 1607 354 1661 uhi
367 1605 470 1678 duplex
487 1605 648 1662 terminatio
667 1609 719 1671 est,
737 1608 770 1661 ut
786 1595 893 1677 Μύκαρ
909 1595 1071 1678 Μακάριος,
1089 1600 1230 1660 Πλούτων
1246 1622 1309 1668 -ευς

136 1688 213 1748 Voss.
222 1692 315 1760 hymn.
326 1693 418 1762 Cerp.
426 1691 484 1762 149)
495 1683 702 1762 ’Πτεοκλυμένη
710 1688 913 1761 Περικλυμύνη
922 1689 1057 1767 Κλυμένη
1065 1689 1167 1745 Miiller
1176 1689 1243 1759 cycl.
1251 1694 1307 1747 128.

135 1774 235 1830 Kleine
246 1775 314 1832 Stes.
325 1783 364 1832 59,
393 1777 484 1831 Mater
495 1774 587 1831 Aiacis
599 1776 726 1846 Ἐρίβοια
739 1778 768 1830 et
780 1775 932 1846 Περίβοια,
949 1791 1001 1829 nec
1019 1777 1080 1830 erat
1097 1774 1172 1845 quod
1189 1775 1308 1830 alterum

136 1862 249 1915 tantum
266 1861 387 1918 retinere
404 1861 490 1916 vellet
507 1861 608 1918 Osann.
627 1860 662 1915 de
674 1859 758 1931 Soph.
772 1860 816 1915 Ai.
828 1879 856 1930 p.
870 1865 910 1914 55.
941 1858 1015 1925 Quid
1027 1860 1103 1930 quod
1115 1860 1214 1915 eadem
1231 1859 1307 1930 apud

138 1943 328 2015 Pherecydem
347 1945 506 2020 Φερέβοια,
530 1963 556 2000 v.
573 1945 705 2000 Huschke
723 1945 795 2001 anal.
813 1944 867 2000 litt.
886 1949 948 2012 325,
966 1962 1020 2014 quo
1038 1947 1113 2000 certe
1130 1948 1205 2001 recte
1223 1944 1308 2015 expli-

126 2033 233 2085 catum
246 2031 314 2100 quid
325 2031 362 2086 sit
378 2023 507 2102 Ἐρίβοια
524 2033 554 2085 et
570 2030 723 2100 Περίβοια,
740 2047 776 2085 sc.
794 2033 866 2100 γυνη
882 2021 1063 2099 πολύδωρος,
1081 2022 1263 2101 ύλφεσίβοια.
1274 2059 1308 2071 -

135 2115 213 2171 Uxor
230 2116 368 2172 Phoronei
385 2117 517 2186 Λαοδίκη
539 2117 568 2171 et
589 2116 741 2185 Τηλοδίκη,
764 2115 829 2170 Saul
845 2114 882 2170 ad
899 2114 999 2169 Rhion.
1016 2132 1044 2185 p.
1062 2119 1103 2169 47.
1117 2106 1262 2185 ’Ἰοκάστη
1279 2117 1309 2170 et

136 2191 299 2271 Ἐπικάστη,
332 2199 370 2255 Et
390 2201 506 2256 fortasse
529 2200 627 2255 eodem
648 2200 723 2255 re'cte
746 2200 882 2255 referetur
903 2191 1060 2270 Ἰφιγένεια
1083 2202 1113 2254 et
1134 2189 1309 2269 Ἰφιάνασσα.

136 2284 228 2340 Mater
253 2284 401 2354 Eurysthei
427 2284 503 2356 apud
525 2284 714 2353 Pherecydem
739 2275 886 2355 Ἄμφιβία,
912 2285 989 2355 apud
1010 2282 1163 2339 Hesiodum
1182 2285 1309 2357 Ἀρτιβία

137 2369 195 2438 (vel
216 2362 353 2441 Ἂντιβία)
375 2374 405 2425 et
425 2400 459 2410 -
482 2371 628 2439 Νικίππη,
655 2369 711 2424 sch.
737 2371 837 2425 I'116.
877 2363 1025 2438 Λεύνειρα
1048 2367 1109 2423 aliis
1132 2366 1309 2439 Μεγύνειρα,

136 2452 235 2522 Heyne
254 2453 383 2523 Apollod.
401 2455 415 2508 I
433 2461 462 2520 5,
481 2459 504 2511 1.
537 2453 594 2510 Neo
612 2453 643 2508 id
662 2453 748 2509 errori
769 2454 863 2509 tribuo
886 2453 961 2523 qaod
979 2452 1041 2508 Elei
1058 2455 1155 2518 mater,
1174 2469 1247 2523 quae
1264 2468 1308 2522 ap.

138 2538 306 2594 Pausaniam
323 2542 365 2594 est
382 2532 543 2610 Πύρσκύδα,
560 2539 590 2595 in
606 2538 649 2594 Et.
667 2539 704 2596 M.
718 2543 776 2603 426,
795 2543 827 2593 29
846 2541 888 2594 est
904 2537 1073 2608 Πύρυπύληε
1089 2539 1205 2608 propter
1222 2535 1309 2591 solam

138 2623 334 2679 necessitatem
355 2625 437 2679 metri
456 2625 571 2694 poetam
593 2623 716 2692 aliquem
738 2623 779 2679 ita
801 2623 1000 2678 transformare
1023 2622 1146 2693 potuisse
1163 2621 1234 2676 mihi
1250 2639 1308 2677 non
1326 2629 1373 2679 243

139 2708 264 2766 dubium.
295 2708 375 2775 Quod
392 2725 437 2764 me
455 2709 589 2764 admonet
605 2707 729 2763 incuriae
748 2707 840 2773 Saalii,
859 2707 908 2776 qui
925 2709 961 2762 ad
980 2708 1079 2763 Rhion.
1097 2727 1125 2778 p.
1144 2711 1177 2762 26
1194 2705 1309 2761 inclina·

138 2793 190 2849 bat
206 2793 390 2849 Aristomenis
410 2797 522 2864 patrem
542 2793 574 2848 in
593 2791 697 2846 Rhiani
718 2792 887 2848 hexametris
909 2792 948 2847 sic
970 2796 1003 2848 ut
1024 2810 1041 2847 a
1058 2790 1201 2848 Messeniis
1223 2790 1309 2846 nomi·

138 2881 221 2934 natus
239 2880 280 2933 est
296 2880 466 2948 Νικομήδην
483 2877 574 2933 fuisse.
603 2876 645 2932 De
657 2877 812 2932 Cassandra
823 2881 853 2933 et
864 2877 1023 2932 Alexandra
1039 2876 1182 2946 ingeniose
1200 2875 1311 2945 scripsit

138 2962 316 3018 Hermannus
332 2962 398 3017 Hec.
417 2967 457 3019 86.
492 2961 628 3032 Agenoris
651 2961 709 3016 filia
726 2963 881 3032 Δημοδόκη
902 2962 979 3033 apud
995 2962 1148 3016 Hesiodum
1170 2961 1202 3017 fr.
1220 2958 1311 3014 LVIII

139 3047 249 3114 Goettl,
273 3048 421 3117 Δημονίκη
442 3047 518 3117 apud
539 3046 740 3118 Apollodorum
761 3047 775 3100 I
798 3053 825 3114 1,
843 3053 867 3103 7.
902 3046 1034 3103 Πίδοθέα
1050 3046 1157 3112 Protei,
1179 3036 1260 3100 Πίδο)
1275 3034 1311 3097 τό

121 3125 248 3204 μητρός
265 3123 398 3201 ἀγλάισμ’
420 3119 463 3187 tr’
483 3129 519 3203 ἢν
539 3132 659 3204 βρέφος,
683 3129 748 3187 ἐπεί
770 3123 798 3186 δ’
820 3129 851 3196 ἐς
874 3120 944 3202 ἥβην
965 3120 1055 3200 ἦλθεν
1074 3120 1193 3199 ύραίων
1209 3124 1312 3198 νόμον

137 3218 278 3271 καλοῦσιν
296 3210 383 3285 αὐτὴν
402 3217 540 3286 Θεονόην,
557 3211 594 3271 τοὶ
612 3220 682 3272 θεῖα
697 3209 753 3287 γὰρ
771 3247 805 3258 -
821 3217 965 3288 ἠπίστατο
984 3213 1079 3285 Eurip.
1091 3213 1153 3272 Hel.
1167 3218 1206 3270 11.
1235 3202 1311 3283 Ἄγα-

137 3302 213 3370 μηδη
231 3299 281 3353 illa
297 3298 460 3370 φαρμάκιον
478 3301 642 3370 gnarissima
659 3305 686 3357 A
704 3307 752 3356 740
771 3300 847 3371 apud
860 3299 1038 3356 IEeocritum
1055 3300 1083 3353 H
1102 3303 1133 3354 16
1151 3301 1180 3354 et
1196 3298 1311 3367 Proper·

137 3385 212 3440 tium
228 3384 255 3438 Π
272 3389 295 3448 4,
314 3388 329 3438 8
348 3387 390 3438 est
406 3385 563 3456 Περιμήδη.
590 3385 724 3440 Caucasia
739 3384 871 3455 Nympha
883 3376 1075 3453 Ἀστερόδεια,
1093 3400 1126 3438 ex
1144 3401 1201 3452 qua
1212 3382 1312 3438 Aeetes

138 3469 228 3524 filium
240 3470 393 3539 Apsyrtum
406 3469 534 3541 suscepit,
552 3470 683 3541 Apollon.
695 3472 737 3526 III
748 3475 805 3536 212,
824 3469 854 3524 in
867 3467 1047 3539 Naupacticis
1063 3468 1156 3523 fuerat
1169 3461 1311 3539 Ἐριαύγη,

138 3557 173 3609 ut
189 3553 349 3609 scholiastes
372 3553 455 3609 docet
474 3554 502 3608 h.
520 3555 538 3612 l.
569 3555 673 3610 Iasonis
696 3557 786 3609 mater
802 3554 931 3625 plurimis
948 3552 1107 3608 nominibus
1125 3553 1221 3618 fertur,
1239 3552 1312 3606 Alci-

139 3639 230 3705 mede,
248 3638 424 3708 Theognete‚
442 3638 641 3709 Amphinome‚
659 3639 742 3704 Arne,
760 3638 892 3709 Scarphe‚
909 3637 986 3694 Itoeo
1005 3642 1041 3708 (v.
1059 3638 1157 3706 Heyne
1175 3637 1212 3692 ad
1229 3636 1311 3708 Apol-

138 3723 236 3788 lodor.,
254 3723 405 3782 Burmann.
424 3724 543 3794 catalog.
560 3723 664 3795 Argon.
682 3743 701 3778 s.
719 3724 822 3795 Iason):
840 3723 917 3795 apud
934 3722 1087 3778 Hesiodum
1105 3723 1204 3779 eadem
1220 3721 1313 3777 fuerat

139 3807 283 3878 Polymele
305 3808 400 3877 (schol.
423 3808 473 3865 od.
495 3809 591 3880 μ69),
614 3809 690 3880 apud
713 3808 887 3863 Herodorum
909 3807 1080 3878 Polypheme
1104 3808 1198 3880 (schol.
1220 3807 1312 3877 Apoll.

139 3893 223 3963 116),
241 3892 318 3963 apud
335 3892 537 3963 Apollodorum
554 3893 704 3962 Polymede
721 3894 736 3947 I
753 3898 777 3962 9,
796 3898 841 3948 16:
867 3892 961 3961 qualia
979 3891 1088 3948 etiamsi
1104 3892 1192 3962 patris
1209 3909 1312 3948 nomen

140 3977 266 4032 varietur
287 3993 344 4033 non
361 3976 482 4033 diversas
504 3995 636 4047 personas
657 3976 782 4032 indicare
804 3976 966 4048 putabimus
987 3977 1039 4032 sed·
1059 3977 1168 4033 variata
1190 3977 1312 4044 uomina,

140 4066 174 4119 ut
190 4062 303 4118 Adrasti
324 4065 414 4118 mater
434 4063 511 4133 apud
527 4062 694 4118 Pausaniam
715 4062 742 4115 II
759 4068 774 4118 6
793 4062 956 4131 Lysianassa
973 4061 1089 4132 Polybi,
1107 4063 1184 4134 apud
1200 4061 1312 4132 Apollo·

143 4147 242 4203 dorum
252 4148 267 4201 I
279 4154 301 4212 9,
322 4153 352 4202 16
366 4147 530 4218 Lysimacho
541 4147 660 4202 Abantis
673 4145 841 4218 (Eurynome
852 4146 940 4218 Iphiti
950 4147 1028 4217 apud
1039 4147 1181 4218 Hyginum
1192 4147 1247 4201 fab.
1261 4148 1312 4218 69).

142 4230 247 4297 -Qui
267 4231 433 4301 plerumque
450 4232 627 4301 Eurymedon
650 4235 711 4287 erat
727 4231 880 4301 Gigantum
902 4231 971 4301 quin
993 4232 1030 4286 ab
1054 4231 1147 4301 aliquo
1167 4235 1251 4302 poeta
1267 4229 1312 4286 vel

142 4317 349 4386 mythographo
371 4316 496 4386 potuerit
516 4315 649 4386 insignite
667 4316 825 4372 Oromedon
846 4315 902 4370 dici
924 4333 981 4370 non
1003 4316 1197 4372 dubitandum.
1233 4314 1313 4381 Quod

144 4404 242 4459 contra
258 4400 433 4456 Huschkium
452 4399 526 4456 anal.
548 4400 604 4460 litt.
621 4420 649 4471 p.
667 4407 716 4458 320
735 4399 862 4456 defendit
878 4400 1055 4456 Hermannus
1072 4418 1165 4472 opusc.
1183 4400 1209 4456 V
1225 4418 1253 4470 p.
1272 4404 1313 4455 86.
