3008 4980
251 389 290 448 54
333 380 367 433 Π.
394 378 435 433 De
453 377 629 434 Aristarchea
645 378 845 435 vocabulorum
862 379 1070 435 Homericorum
1086 377 1326 450 interpretatione.

183 544 236 616 (64)
249 540 368 626 λέξεως
386 542 527 633 σύνηθες
541 539 727 634 ἐφύλασσεν
741 541 903 633 Ὅμηρος·
927 539 964 612 οὗ
988 544 1057 631 γάρ
1079 539 1126 611 dv
1148 539 1242 613 αὐτὸ
1265 539 1417 629 ἀπαρα-

247 645 427 739 μύθητον
455 647 472 718 ὃ
496 646 751 738 Ἀρίσταρχος
776 647 938 743 άφῆκεν.
978 651 1013 719 έν
1032 647 1141 719 τοίνυν
1161 657 1202 741 τῇ
1227 646 1419 742 Φιλήμονος

250 756 353 837 οὕτως
379 756 515 848 ἐφέρετο
540 754 585 839 ,,ά
612 756 649 825 δέ
671 755 832 850 Πήδασον
859 754 981 848 ἤλασεν
1007 760 1151 826 ἵππονίί·
1179 754 1249 825 ἔστι
1275 757 1337 844 γὰρ
1363 754 1418 824 ὅτε

248 865 305 933 ἐπὶ
328 871 386 956 τῆς
403 868 485 950 (add.
507 862 697 953 πόρρωθεν)
718 867 845 955 πληγῆς
871 865 908 932 τὸ
929 861 1053 956 ἤλασεν
1073 869 1194 946 κεῖται,
1217 862 1263 944 ὡς
1285 863 1342 932 ἐπὶ
1361 869 1419 931 τοῦ

244 970 387 1062 Ἀράτου
408 977 449 1059 (P
473 978 544 1061 517)
571 972 654 1054 ,βοαί
679 974 779 1058 βάλεν
803 970 999 1063 Ἀρήιοιοίῑ,
1032 965 1114 1057 εἶτα,
1135 969 1289 1062 ,,νειαίρῃ
1318 968 1352 1039 δ’
1383 969 1418 1038 ἒν

247 1080 361 1167 γαστρί
388 1080 445 1147 διὰ
471 1081 632 1170 ζωστῆρος
653 1076 824 1150 έλαοοενῑί.
864 1083 984 1148 Versor
1008 1085 1042 1147 in
1064 1083 1269 1163 testimoniis,
1299 1083 1417 1166 quibus

247 1192 404 1275 quaedam
436 1191 565 1276 egregie
598 1191 847 1275 comprobantur
874 1190 1072 1275 gravissima,
1105 1212 1187 1274 quae
1219 1189 1289 1253 aliis
1320 1189 1417 1253 huius

247 1298 392 1382 opusculi
414 1298 573 1381 capitibus
595 1298 787 1363 confirmavi.
825 1296 920 1375 Quod
941 1318 1007 1361 non
1029 1297 1169 1383 gloriose
1192 1296 1276 1374 dico,
1297 1294 1356 1360 sed
1375 1294 1417 1359 ad

246 1404 413 1469 tutandam
438 1405 612 1470 veritatem.
656 1404 719 1470 Sed
741 1404 828 1488 quod
855 1404 894 1468 de
920 1405 1058 1487 pessima
1084 1404 1147 1468 fide
1172 1402 1364 1468 scholiastae
1386 1401 1417 1467 V

247 1512 392 1591 disserui}
417 1512 471 1576 hic
497 1512 710 1576 certissimum
738 1511 965 1577 documentum
994 1515 1050 1575 est
1095 1509 1126 1574 Is
1148 1511 1233 1574 enim
1254 1510 1318 1573 hoc
1340 1509 1415 1572 loco

245 1619 292 1684 ita
313 1618 436 1684 scribit:
469 1610 610 1684 οὐτάσαι
635 1615 673 1684 τὸ
702 1612 739 1682 ἐκ
758 1616 868 1698 χειρὸς
888 1619 1026 1701 τρῶσαι·
1055 1613 1202 1681 ἐνταῦθα
1225 1612 1262 1680 δέ
1290 1612 1348 1681 ἐπὶ
1369 1617 1417 1700 τῷ

245 1724 361 1807 βαλεῖν
380 1729 426 1810 τῷ
439 1720 560 1812 ῥήματι
578 1720 743 1810 κέχρηται·
765 1720 855 1806 λέγει
876 1721 937 1809 γάρ
953 1721 1165 1810 ,,Σαρπηδών
1186 1715 1216 1788 δ>
1234 1716 1337 1788 αὐτοῦ
1356 1719 1418 1805 μέν

245 1825 493 1919 άπήμβροτενίί,
519 1826 601 1915 ὅπερ
617 1826 753 1895 ἐπὶτῶν
767 1825 934 1918 ἀφιέντων
947 1827 1112 1897 τάσσεται.
1143 1827 1205 1897 διὸ
1230 1827 1295 1895 καί
1317 1824 1417 1914 γρά-

247 1961 315 2026 φει
332 1933 606 2023 Ἀρίσταρχος·
628 1933 673 2017 ,,ὁ
697 1936 733 2002 δέ
753 1935 914 2025 Πήδασον
934 1931 1061 2022 άγλαὸν
1081 1937 1198 2016 ἵππον,

346 2038 405 2111 τόν
426 2042 467 2130 ῥά
489 2038 562 2111 ποτ’
582 2038 763 2122 Ἠετίωνος
783 2040 866 2111 έλάιν
887 2044 987 2113 πόλιν
1007 2038 1100 2134 ἤγαγ’
1121 2039 1300 2126 Ἀχιλλεύς,

349 2144 386 2229 ὃς
406 2150 463 2217 καί
483 2149 607 2240 θνητὸς
628 2149 691 2218 ἐάν
713 2146 810 2218 ἕπεθ’
832 2152 952 2231 ἵπποις
974 2147 1204 2233 ἀθανάτοισιν,

349 2257 407 2326 τὸν
428 2255 512 2342 βάλε
534 2258 644 2339 δεξιὸν
664 2250 791 2343 ὦμονῑί.

245 2370 310 2434 Ain
339 2372 437 2433 vero?
482 2367 651 2433 Eiusmodi
692 2369 907 2434 additamenta
938 2392 977 2434 ex
1015 2368 1085 2433 aliis
1119 2367 1199 2432 locis
1233 2367 1415 2433 Homericis

245 2476 383 2560 repetita
403 2473 455 2539 vel
477 2476 699 2540 consarcinata
719 2480 775 2541 aut
795 2478 864 2561 ipse
885 2477 1007 2561 fingere
1028 2475 1112 2541 solet
1132 2474 1337 2539 Aristarchus
1359 2478 1416 2538 aut

246 2584 343 2647 etiam
368 2584 403 2646 in
432 2582 541 2647 codice
573 2586 699 2666 reperta
734 2584 898 2668 recipere?
932 2582 1000 2648 lmo
1032 2604 1108 2648 vero
1139 2586 1206 2646 tam
1237 2582 1416 2665 suspiciosa

246 2691 354 2768 habet,
376 2690 459 2754 utin
474 2689 654 2754 reiiciendis
668 2689 720 2753 vel
736 2690 830 2756 obelo
845 2690 995 2756 notandis
1017 2690 1114 2754 etiam
1135 2690 1238 2754 iustos
1258 2689 1415 2753 terminos

246 2796 397 2862 excedere
427 2796 581 2861 videatur.
630 2795 694 2862 Sed
726 2818 821 2881 porro
857 2797 937 2862 hacc
967 2797 1211 2862 consideremus
1261 2795 1325 2859 Hic
1355 2817 1415 2860 nec

246 2904 359 2968 doctus
386 2925 445 2969 nec
474 2904 626 2987 antiquus
653 2905 879 2992 grammaticus
904 2904 989 2969 unde
1011 2903 1231 2967 Aristarcheas
1257 2901 1415 2967 lectiones

246 3032 342 3093 quam
357 3009 514 3094 Didymus
529 3010 725 3097 cognoverat
738 3011 862 3090 melius,
884 3012 988 3094 quiet
1007 3014 1175 3094 utramque
1198 3008 1299 3074 oculis
1320 3030 1415 3073 usur-

245 3117 333 3200 pavit
355 3117 529 3181 editionem
548 3117 724 3182 Aristarchi
745 3119 1054 3202 commentariosque
1077 3117 1144 3182 eius
1165 3115 1330 3198 librosque
1344 3114 1412 3178 Ho-

243 3223 378 3288 mericos
409 3224 449 3287 ad
476 3245 584 3287 veram
611 3224 848 3290 Aristarcheam
872 3224 1044 3290 lectionem
1073 3222 1297 3308 expiscandam
1322 3220 1414 3286 adhi-

242 3330 334 3395 buit?
368 3329 517 3413 Denique
547 3334 615 3393 tam
641 3331 727 3395 bona
751 3332 872 3395 utimur
894 3332 1037 3410 fortuna,
1068 3335 1105 3395 ut
1131 3353 1228 3414 quam
1254 3328 1336 3392 nihil
1361 3328 1415 3392 hic

243 3435 416 3501 scholiasta
443 3436 571 3500 sciverit
593 3436 631 3501 de
652 3437 857 3502 Aristarchea
877 3437 1013 3502 lectione
1042 3438 1102 3502 hac
1122 3438 1193 3523 ipsa
1213 3437 1247 3500 in
1268 3457 1303 3499 re
1324 3435 1414 3498 testi-

196 3571 228 3622 54
245 3542 358 3608 ficatus
380 3544 429 3607 sit.
469 3542 600 3608 Scilicet
620 3565 660 3607 ex
681 3544 743 3608 ista
757 3544 887 3629 Didymi
908 3545 1116 3610 annotatione
1138 3543 1334 3628 patefactum
1356 3545 1415 3624 est,

243 3648 329 3713 hunc
343 3672 444 3714 unum
459 3649 494 3713 in
508 3648 714 3714 Aristarcheo
729 3650 871 3715 Homero
892 3652 1065 3716 occurrisse
1088 3652 1117 3715 ei
1137 3650 1254 3732 locum,
1275 3670 1340 3732 quo
1362 3649 1414 3713 lex

246 3754 284 3818 de
305 3777 366 3819 usu
387 3756 534 3821 vocabuli
555 3751 693 3838 βάλλειν
713 3758 851 3842 migrata
872 3763 969 3838 esset,
1003 3763 1168 3843 praeterea
1188 3755 1323 3822 nullum.
1367 3755 1414 3819 At

180 3862 280 3938 (cuin
302 3885 339 3927 ea
360 3864 554 3943 recensione,
577 3886 641 3947 qua
661 3886 721 3928 nos
741 3860 875 3944 utimur,
902 3869 1067 3948 praeterea
1087 3887 1171 3930 unus
1194 3868 1254 3944 est,
1284 3867 1319 3926 N
1338 3868 1412 3929 573:

245 3959 291 4045 άίς
311 3965 330 4033 ὁ
350 3967 464 4047 τυπείς
484 3963 629 4055 ἤσπαιρε
655 3965 801 4052 μίνυνθά
822 3993 899 4053 περ,
932 3994 1006 4037 cum
1032 3975 1126 4036 antea
1152 3971 1267 4036 diserte
1290 3971 1412 4034 dictum

245 4082 329 4143 esset
350 4081 434 4160 (567)
456 4070 540 4158 βάλε
562 4071 664 4161 άοορί.
710 4075 794 4154 Quid
820 4079 920 4163 igitur
941 4079 1087 4143 adhunc
1108 4078 1216 4144 locum
1239 4077 1336 4143 schol.
1360 4076 1412 4141 V?

243 4177 372 4259 τυπείς.·
400 4180 456 4248 καὶ
485 4181 552 4269 μὴν
579 4185 722 4269 προεῖπε
746 4178 855 4266 ,βάλε
883 4179 1008 4269 άοορίίί.
1045 4178 1076 4249 oi
1103 4181 1163 4267 μὲν
1191 4182 1229 4247 τὸ
1254 4182 1412 4267 μέτωπον

243 4285 395 4375 πληγείς,
420 4284 453 4354 οὶ
474 4286 510 4355 δὲ
530 4288 588 4378 τὴν
609 4285 732 4382 ψυχήν,
764 4286 809 4369 τάς
828 4289 866 4358 τὸ
894 4288 1138 4377 ,,καταπληγεὶς
1163 4287 1264 4379 φίλον
1290 4280 1410 4378 ἦτορ“·

245 4391 277 4462 oi
299 4395 336 4462 δὲ
361 4389 406 4474 ὥς
425 4394 463 4462 τὸ
491 4393 678 4485 ,,Πήάασον
705 4392 846 4465 οίίτασεν
873 4399 1019 4466 ἵππονίί·
1058 4394 1216 4485 ἐβέβλητο
1246 4395 1307 4482 γάρ
1339 4393 1407 4464 άπὸ
