3008 4980
214 304 272 366 148
299 293 334 347 11.
360 293 401 350 De
419 292 597 348 Aristarchea
613 293 813 349 vocabulorum
830 293 1041 350 Homericornrn
1058 290 1300 362 interpretatione.

212 482 262 540 σε,
295 459 383 545 ,ἐγὼ
413 455 445 525 δ’
469 456 612 546 ἐρέεινον
640 455 799 540 ἁπάσαςκ
820 463 857 550 (λ
878 463 965 547 234).
1011 457 1069 526 καί
1088 456 1184 525 ἔνεκα
1204 449 1322 524 τούτου
1344 453 1382 521 τὸ

211 565 359 634 πεύθετο
374 562 585 658 καταλλῆλου
605 563 713 649 ἔχεται
731 566 914 658 φερόμενον
933 562 985 634 ἄπ’
1010 562 1198 655 αἰτιατικὴν
1219 560 1306 631 κατὰ
1324 561 1384 651 τῆν

208 672 391 764 Ὁμηρικὴν
403 680 519 764 χρῆσιν
541 678 701 764 σημαῖνον
717 675 755 743 τὸ
777 670 889 765 ῆκουε,
911 673 949 743 τὸ
972 673 1007 742 ἒν
1027 680 1074 763 τῷ
1093 665 1311 756 ,πευθόμεθ’
1330 659 1385 761 ᾗχι

213 780 375 862 ἔκαστοςα
401 787 438 872 (γ
459 787 530 871 87),
555 783 612 851 καί
636 781 810 864 ,,πεύθετο
837 782 900 871 γὰρ
921 777 1124 870 Κύπρονδείῑ
1145 784 1202 870 (Λ
1222 782 1295 868 21),
1326 771 1384 858 ούχ

212 888 266 958 ὅτι
297 891 381 958 κατὰ
407 886 557 971 πεύσεως
587 889 890 981 παραλαμβάνεται
919 887 955 956 ἄν
983 895 1031 978 τῷ
1056 885 1278 972 πυνθάνομαι
1306 889 1382 952 σοῦ·

212 995 389 1085 πρόκειται
415 999 477 1085 γὰρ
507 995 528 1087 ῆ
560 995 696 1085 συζυγία
722 1004 788 1067 τῶν
813 993 972 1067 τοιούτων
995 996 1047 1063 ἐπ’
1072 993 1261 1082 αἰτιατικὴν
1283 1017 1384 1083 φερο-

212 1104 302 1195 μένη.
340 1108 557 1195 (Quantopere
571 1113 695 1176 veteres
714 1111 755 1176 ad
773 1111 857 1176 hauc
877 1109 1146 1196 significationem
1167 1105 1257 1171 verbi
1277 1108 1384 1170 atten-

214 1217 326 1297 derint,
348 1218 522 1283 admonent
536 1217 618 1283 aliae
631 1217 795 1301 reliquiae,
815 1223 853 1283 ut
867 1218 925 1283 illa
948 1217 1035 1302 apud
1049 1215 1190 1296 Suidam,
1211 1236 1288 1279 nam
1308 1213 1384 1277 hinc

214 1326 341 1390 demum
353 1325 396 1389 ‘in
410 1325 637 1409 Aristophanis
659 1325 781 1391 scholia
801 1325 885 1411 Equ.
904 1330 982 1394 1313
1004 1323 1118 1410 <1302>
1139 1321 1243 1386 relata
1263 1320 1383 1385 ferunt:

211 1430 250 1497 τὸ
271 1425 510 1496 πυνθάνεσθαι
538 1429 631 1516 παρὰ
660 1433 730 1508 τοῖς
750 1425 888 1516 ῥῆτορσι
907 1428 966 1496 καί
986 1423 1064 1516 παρ’
1089 1423 1226 1515 Ὁμήρῳ
1249 1424 1308 1491 ε’πί
1326 1429 1384 1492 τοῦ

213 1532 347 1605 ἀκούειν
368 1534 426 1604 καί
445 1533 642 1622 μανθάνειν.
678 1539 852 1605 Adduntur
866 1538 1051 1605 testimonia
1065 1537 1231 1623 complura
1244 1535 1384 1620 primum

214 1670 252 1712 ex
280 1647 435 1727 Homero,
466 1649 640 1732 inquibus
668 1651 701 1712 et
728 1639 899 1732 ἀπευθῆς,
929 1641 1038 1711 κείνου
1067 1642 1129 1728 γὰρ
1155 1641 1213 1709 καί
1238 1637 1384 1727 ἄλεθρον

213 1747 369 1820 ἀπευθέα
395 1757 484 1839 θῆκε
506 1750 659 1838 Κρονίων
684 1775 704 1838 γ
726 1760 779 1834 88,
805 1754 920 1820 deinde
947 1776 986 1819 ex
1012 1753 1186 1836 Aeschine,
1210 1750 1383 1829 Dinarcho‚

213 1863 454 1946 Demosthene.)
477 1901 518 1912 —
535 1855 772 1947 Ἀγορεύειν,
797 1863 883 1948 quod
897 1861 1026 1948 proprie
1045 1861 1142 1926 estin
1157 1859 1313 1925 concione
1333 1856 1383 1923 vel

214 1971 346 2037 consilio
362 1971 466 2036 dicere
476 1971 514 2050 ⁸8,
536 1972 630 2056 ponit
649 1971 745 2036 etiam
759 1971 890 2036 abusive
910 1970 1039 2055 quando
1062 1970 1124 2034 duo
1147 1967 1383 2051 colloquuntur,

213 2080 243 2139 Σ
262 2083 322 2145 368
344 2079 412 2160 (ubi
435 2080 484 2164 <in
507 2078 606 2144 schol.
620 2060 744 2163 B>pro
766 2081 869 2142 ταῦτα
890 2078 911 2143 l.
935 2073 1104 2158 ἐνταῦθα).
1127 2117 1166 2126 -
1187 2076 1383 2158 Διακριν-

214 2186 340 2269 θῆναι
366 2183 466 2264 διχιδς
491 2189 711 2273 χωρισθῆναι,
742 2181 760 2251 ὁ
785 2181 822 2251 δὲ
840 2176 1029 2272 Ζηνόδοτος
1049 2176 1205 2269 συνήθως
1228 2175 1310 2267 ἡμῖν
1328 2175 1384 2255 τί·

213 2313 308 2372 ταχεν
328 2294 418 2377 (puto
440 2316 498 2379 pro
518 2294 672 2360 iudicium
693 2294 823 2377 subire),
846 2297 877 2357 Γ
888 2300 938 2362 99.
960 2334 1000 2343 -
1026 2297 1057 2354 Τ
1068 2300 1105 2361 71
1123 2285 1175 2356 δτι
1195 2287 1233 2355 τὸ
1256 2282 1385 2353 ἰαύειν

215 2391 275 2462 ούκ
305 2393 375 2463 ἔστι
410 2403 466 2465 νῦν
496 2405 702 2484 κοιμᾶσθαι,
740 2395 812 2465 ἄλλ>
842 2395 1102 2479 ἄπαυλίζεσθαι·
1137 2388 1209 2478 ,μίίς
1235 2393 1294 2462 καί
1313 2390 1385 2481 ἱἐγὼ

151 2519 199 2570 149
217 2503 348 2584 πολλὰς
360 2503 420 2590 μὲν
435 2501 583 2586 ἀύπνους
596 2502 714 2587 νύκτας
727 2502 850 2575 ἰάυον“
866 2511 898 2592 (Ι
910 2509 993 2593 325).
1008 2549 1049 2559 -
1065 2499 1200 2591 ’Λνῆκε
1215 2497 1288 2570 ἀντί
1302 2505 1384 2588 (τοῦ)

216 2611 322 2702 ἀφῆκε
340 2619 455 2685 (11523.
475 2660 515 2669 -
533 2623 571 2682 Χ
582 2625 641 2686 251
662 2612 716 2684 ὅτι
728 2614 766 2682 τὸ
784 2609 1071 2702 δίονέδιαίχθην.
1091 2653 1130 2662 -
1149 2618 1186 2676 Χ
1197 2619 1257 2683 201
1273 2607 1328 2678 δτι
1345 2608 1384 2676 τὸ

215 2715 376 2813 μάρψαι
392 2720 449 2789 ἐπὶ
463 2724 579 2790 ποδῶν
593 2721 704 2805 ἔταξεν
718 2725 784 2810 (V).
819 2724 1004 2790 Memineris
1020 2715 1134 2808 μάρην,
1144 2743 1213 2788 esse
1225 2722 1330 2807 χεῖρα.
1345 2760 1385 2770 -

207 2823 397 2910 Ἆεθλος,
421 2855 482 2898 -ον,
517 2832 670 2919 Apollon.
693 2832 754 2899 lex.
769 2833 810 2898 H.
828 2857 859 2919 p.
875 2840 915 2900 54
938 2829 1150 2896 differentiam
1173 2829 1314 2914 exponit.
1336 2825 1386 2893 Ibi

218 2943 279 3004 est:
302 2931 482 3024 οὐδετέρως
503 2938 539 3005 δὲ
559 2932 655 3005 ἄθλα
675 2938 717 3004 τά
739 2935 879 3004 ἔπαθλα
898 2935 982 3003 κατὰ
1004 2934 1041 3002 τὸ
1066 2935 1222 3001 πλεῖστον

298 3041 598 3135 ,παλαισμοσύνης
619 3043 853 3132 ἀλεγεινῆς-
874 3038 1142 3133 θῆκενζᾶεθλαίῑ
1164 3045 1326 3128 (²15701).a

217 3148 301 3219 ἄθεν
325 3152 382 3218 καί
403 3147 617 3239 Ἀρίσταρχος
642 3148 861 3235 ἀναγινώσκει
887 3152 1025 3237 ,μεῖζον
1053 3146 1205 3217 ἄεθλονιι
1231 3153 1280 3236 (Ψ
1299 3153 1384 3234 551)·

215 3258 253 3325 τὸ
269 3258 331 3345 γὰρ
347 3255 503 3327 ἔπαθλον
521 3257 620 3326 θέλει
640 3260 769 3346 δηλοῦν.
800 3262 890 3347 Ergo
906 3263 1037 3327 fuerunt
1050 3260 1106 3346 qui
1118 3252 1242 3342 μείζον’
1260 3252 1386 3323 ἄεθλον

135 3377 206 3447 (152)
219 3370 442 3436 seriberenc.⁸⁹
463 3406 503 3419 -
517 3364 691 3453 “Apporto
706 3372 738 3432 A
752 3375 813 3436 226
829 3364 882 3432 ὅτι
894 3366 936 3433 τὰ
952 3362 1103 3454 ὀχήματα
1125 3369 1181 3433 νύν
1199 3364 1299 3453 χωρίς
1321 3367 1386 3430 τῶν

284 3595 311 3636 8⁸
328 3584 495 3665 ἀγορήσατο
512 3609 649 3663 nusquam
666 3593 756 3650 aliter.
1222 3652 1225 3657 ,

285 3679 311 3719 89
328 3677 420 3732 Verba
437 3671 512 3733 κατὰ
528 3678 564 3733 τὸ
580 3679 720 3734 πλεῖστον
736 3677 857 3748 produnt
875 3677 944 3732 mihi
967 3675 1181 3748 grammaticum
1198 3674 1321 3746 aliquem
1337 3671 1386 3745 qui

218 3760 348 3830 speciosis
359 3761 426 3817 locis
438 3778 467 3816 se
478 3759 538 3815 falli
549 3777 644 3832 pessus
657 3764 698 3817 est
716 3761 821 3833 (quales
838 3766 902 3817 sunt
919 3762 1044 3833 profecto
1063 3766 1139 3833 φ73.
1160 3761 1226 3831 106),
1244 3763 1277 3815 ut
1295 3751 1386 3815 ἀθλον

219 3845 295 3915 apud
312 3845 463 3900 Homerum
481 3845 566 3901 etiam
584 3846 630 3902 hic
647 3845 705 3900 illio
722 3863 773 3917 pro
793 3838 886 3911 ἀθλος
902 3845 1026 3917 positum
1042 3847 1165 3917 putaret.
1199 3845 1253 3901 Sed
1271 3844 1386 3902 Aristar·

220 3931 303 3985 chum
320 3933 426 3985 certum
444 3933 486 3984 est
504 3930 573 3985 mihi
588 3948 640 3986 nec
656 3931 711 3986 illis
729 3932 796 3988 locis
808 3932 957 4002 deceptum
967 3947 1024 3986 esse
1036 3931 1102 4000 (iam
1115 3929 1189 3986 enim
1200 3930 1277 3985 huno
1290 3928 1386 3984 melius

220 4015 409 4086 cognovimus)
430 4031 482 4069 nec
504 4031 549 4081 eo,
572 4015 648 4084 quod
670 4018 712 4072 est
728 4019 750 4070 θ
769 4021 817 4072 160
840 4010 940 4072 ἄθλων
962 4009 1011 4072 οῐά
1033 4033 1067 4071 τε
1084 4009 1178 4071 πολλὰ
1193 4005 1257 4084 μετ’
1274 4006 1386 4086 ἀνθρύ-

219 4117 301 4156 ποισι
323 4101 470 4156 κέλονται.
504 4099 584 4153 Talia
603 4098 778 4155 Aristarchus
800 4100 967 4159 attenderat.
1008 4100 1054 4154 Ad
1076 4102 1106 4154 H
1126 4104 1175 4155 288
1198 4102 1260 4171 βῶν
1280 4096 1316 4154 τό
1335 4098 1387 4166 μοί

221 4182 283 4241 ἐστι
304 4217 338 4226 -
360 4186 502 4240 notatum:
528 4179 576 4240 ἔτι
596 4185 745 4256 προτάξας
766 4180 895 4255 θηλυκὸν
917 4184 1075 4255 οὐδέτερον
1091 4183 1263 4254 ἐπήνεγκεν,
1284 4176 1320 4239 τό
1336 4183 1387 4251 pot

220 4267 296 4336 ἐστι,
317 4263 390 4341 πρὸς
411 4261 447 4324 τὸ
468 4260 684 4338 σημαινόμενον
705 4259 758 4339 (εἰς
774 4264 810 4325 τὸ
827 4268 953 4341 ,νεφέλη
970 4267 1003 4325 δέ
1019 4286 1070 4338 μιν
1086 4299 1119 4309 -
1136 4263 1172 4324 τὸ
1189 4265 1245 4336 μὲν
1261 4261 1386 4323 ούτιοτε“

139 4350 210 4423 (152)
223 4352 273 4407 Od.
286 4373 307 4423 μ
321 4357 372 4423 74).
398 4353 527 4411 ceterum
544 4345 655 4409 ἄεθλον
670 4370 721 4425 pro
740 4347 848 4418 ἄεθλος
865 4353 936 4410 dixit
947 4353 1111 4423 Xenophon.
1128 4352 1230 4407 Athen.
1242 4351 1268 4405 X
1279 4369 1307 4422 p.
1319 4355 1386 4407 414·
