<?xml version="1.0" encoding="UTF-8"?>
<!DOCTYPE html PUBLIC "-//W3C//DTD XHTML 1.0 Transitional//EN"
    "http://www.w3.org/TR/xhtml1/DTD/xhtml1-transitional.dtd">
<html xmlns="http://www.w3.org/1999/xhtml" xml:lang="en" lang="en">
 <head>
  <title>
</title>
<meta http-equiv="Content-Type" content="text/html;charset=utf-8" />
  <meta name='ocr-system' content='tesseract 3.04.00' />
  <meta name='ocr-capabilities' content='ocr_page ocr_carea ocr_par ocr_line ocrx_word'/>
</head>
<body>
  <div class='ocr_page' id='page_1' title='image "./dearistarchistu01lehrgoog/dearistarchistu01lehrgoog_0275.png"; bbox 0 0 3008 4980; ppageno 0'>
   <div class='ocr_carea' id='block_1_1' title="bbox 214 319 929 391">
    <p class='ocr_par' dir='ltr' id='par_1_1' title="bbox 214 319 929 391">
     <span class='ocr_line' id='line_1_1' title="bbox 214 319 929 391; baseline -0.001 -17"><span class='ocrx_word' id='word_1_1' title='bbox 214 327 275 389; x_wconf 79' lang='lat'><strong>260</strong></span> <span class='ocrx_word' id='word_1_2' title='bbox 660 320 709 376; x_wconf 81' lang='lat' dir='ltr'><strong>IV.</strong></span> <span class='ocrx_word' id='word_1_3' title='bbox 731 319 773 376; x_wconf 87' lang='lat' dir='ltr'><strong>De</strong></span> <span class='ocrx_word' id='word_1_4' title='bbox 791 319 929 391; x_wconf 85' lang='lat' dir='ltr'><strong>prosodia.</strong></span> 
     </span>
    </p>
   </div>
   <div class='ocr_carea' id='block_1_2' title="bbox 131 483 1387 3909">
    <p class='ocr_par' dir='ltr' id='par_1_2' title="bbox 131 483 1387 3909">
     <span class='ocr_line' id='line_1_2' title="bbox 213 483 1385 571; baseline -0.003 -21"><span class='ocrx_word' id='word_1_5' title='bbox 213 486 264 551; x_wconf 80' lang='lat' dir='ltr'><strong>lix</strong></span> <span class='ocrx_word' id='word_1_6' title='bbox 284 485 398 550; x_wconf 88' lang='lat' dir='ltr'><strong>eodem</strong></span> <span class='ocrx_word' id='word_1_7' title='bbox 419 505 545 569; x_wconf 78' lang='lat' dir='ltr'><strong>genere,</strong></span> <span class='ocrx_word' id='word_1_8' title='bbox 566 488 655 571; x_wconf 90' lang='lat' dir='ltr'><strong>quod</strong></span> <span class='ocrx_word' id='word_1_9' title='bbox 675 487 879 554; x_wconf 90' lang='lat' dir='ltr'><strong>Herodianus</strong></span> <span class='ocrx_word' id='word_1_10' title='bbox 901 485 1103 571; x_wconf 73' lang='lat' dir='ltr'>disceptavit,</span> <span class='ocrx_word' id='word_1_11' title='bbox 1129 484 1193 549; x_wconf 94' lang='lat' dir='ltr'><strong>hoc</strong></span> <span class='ocrx_word' id='word_1_12' title='bbox 1217 487 1270 550; x_wconf 89' lang='lat' dir='ltr'><strong>est</strong></span> <span class='ocrx_word' id='word_1_13' title='bbox 1289 483 1385 550; x_wconf 90' lang='lat' dir='ltr'><strong>schol.</strong></span> 
     </span>
     <span class='ocr_line' id='line_1_3' title="bbox 213 580 1384 678; baseline -0.003 -20"><span class='ocrx_word' id='word_1_14' title='bbox 213 592 366 677; x_wconf 86' lang='lat' dir='ltr'><strong>Apollon.</strong></span> <span class='ocrx_word' id='word_1_15' title='bbox 398 593 457 657; x_wconf 88' lang='lat' dir='ltr'><strong>Rh.</strong></span> <span class='ocrx_word' id='word_1_16' title='bbox 484 592 515 658; x_wconf 92' lang='grc' dir='ltr'><em>Π</em></span> <span class='ocrx_word' id='word_1_17' title='bbox 542 602 602 661; x_wconf 80' lang='grc'><strong>711</strong></span> <span class='ocrx_word' id='word_1_18' title='bbox 629 592 794 673; x_wconf 79' lang='grc' dir='ltr'><strong><em>Πλεῖστος</em></strong></span> <span class='ocrx_word' id='word_1_19' title='bbox 823 591 861 660; x_wconf 78' lang='grc' dir='ltr'><strong>δὲ</strong></span> <span class='ocrx_word' id='word_1_20' title='bbox 887 589 1040 676; x_wconf 81' lang='grc' dir='ltr'><em>ποταμὸς</em></span> <span class='ocrx_word' id='word_1_21' title='bbox 1064 589 1229 678; x_wconf 77' lang='grc' dir='ltr'><em>Δελφῶν,</em></span> <span class='ocrx_word' id='word_1_22' title='bbox 1259 580 1298 656; x_wconf 80' lang='grc' dir='ltr'><strong>όν</strong></span> <span class='ocrx_word' id='word_1_23' title='bbox 1320 584 1384 655; x_wconf 73' lang='grc' dir='ltr'><strong>ὑπὸ</strong></span> 
     </span>
     <span class='ocr_line' id='line_1_4' title="bbox 213 690 1384 790; baseline -0.002 -26"><span class='ocrx_word' id='word_1_24' title='bbox 213 704 278 764; x_wconf 83' lang='grc' dir='ltr'><strong>τῶν</strong></span> <span class='ocrx_word' id='word_1_25' title='bbox 310 693 475 783; x_wconf 75' lang='grc' dir='ltr'><em>ἐγχωρίων</em></span> <span class='ocrx_word' id='word_1_26' title='bbox 502 695 668 767; x_wconf 87' lang='grc' dir='ltr'><em>Πλειστόν</em></span> <span class='ocrx_word' id='word_1_27' title='bbox 702 724 788 790; x_wconf 91' lang='grc' dir='ltr'><em>φασι</em></span> <span class='ocrx_word' id='word_1_28' title='bbox 817 697 978 786; x_wconf 73' lang='grc' dir='ltr'><em>λέγεσθαι</em></span> <span class='ocrx_word' id='word_1_29' title='bbox 1007 693 1171 779; x_wconf 83' lang='grc' dir='ltr'><strong><em>ὀξυτόνως</em></strong></span> <span class='ocrx_word' id='word_1_30' title='bbox 1200 691 1251 775; x_wconf 80' lang='grc' dir='ltr'><em>ὥς</em></span> <span class='ocrx_word' id='word_1_31' title='bbox 1277 690 1384 762; x_wconf 90' lang='grc' dir='ltr'><em>καλόν.</em></span> 
     </span>
     <span class='ocr_line' id='line_1_5' title="bbox 215 798 1385 894; baseline -0.003 -22"><span class='ocrx_word' id='word_1_32' title='bbox 215 805 270 872; x_wconf 83' lang='grc' dir='ltr'><strong>διὸ</strong></span> <span class='ocrx_word' id='word_1_33' title='bbox 301 804 359 871; x_wconf 83' lang='grc' dir='ltr'><strong>καί</strong></span> <span class='ocrx_word' id='word_1_34' title='bbox 387 806 569 874; x_wconf 86' lang='grc' dir='ltr'><em>Πλειστοῖο</em></span> <span class='ocrx_word' id='word_1_35' title='bbox 596 805 859 893; x_wconf 75' lang='grc' dir='ltr'><em>περισπωμένως</em></span> <span class='ocrx_word' id='word_1_36' title='bbox 890 805 948 874; x_wconf 71' lang='lat' dir='ltr'><strong>cu</strong></span> <span class='ocrx_word' id='word_1_37' title='bbox 974 810 1035 894; x_wconf 79' lang='grc' dir='ltr'><em>τῆς</em></span> <span class='ocrx_word' id='word_1_38' title='bbox 1063 808 1196 892; x_wconf 76' lang='grc' dir='ltr'><em>γενικῆς</em></span> <span class='ocrx_word' id='word_1_39' title='bbox 1225 798 1385 890; x_wconf 79' lang='grc' dir='ltr'><em>σἰναγινιί·</em></span> 
     </span>
     <span class='ocr_line' id='line_1_6' title="bbox 214 914 1384 1000; baseline 0.002 -21"><span class='ocrx_word' id='word_1_40' title='bbox 214 916 406 980; x_wconf 46' lang='grc' dir='ltr'><em>σκουσιῑθθῆ</em></span> <span class='ocrx_word' id='word_1_41' title='bbox 450 915 513 982; x_wconf 90' lang='lat' dir='ltr'><strong>Vel</strong></span> <span class='ocrx_word' id='word_1_42' title='bbox 537 921 575 982; x_wconf 90' lang='lat' dir='ltr'><strong>ut</strong></span> <span class='ocrx_word' id='word_1_43' title='bbox 599 917 715 983; x_wconf 91' lang='lat' dir='ltr'><strong>melius</strong></span> <span class='ocrx_word' id='word_1_44' title='bbox 741 921 902 984; x_wconf 85' lang='lat' dir='ltr'><strong>servatum</strong></span> <span class='ocrx_word' id='word_1_45' title='bbox 930 920 979 982; x_wconf 89' lang='lat' dir='ltr'><strong>cst</strong></span> <span class='ocrx_word' id='word_1_46' title='bbox 1006 917 1041 980; x_wconf 90' lang='lat' dir='ltr'><strong>in</strong></span> <span class='ocrx_word' id='word_1_47' title='bbox 1066 915 1175 1000; x_wconf 80' lang='lat' dir='ltr'><strong>Etym.</strong></span> <span class='ocrx_word' id='word_1_48' title='bbox 1199 914 1247 980; x_wconf 90' lang='lat' dir='ltr'><strong>M.</strong></span> <span class='ocrx_word' id='word_1_49' title='bbox 1270 920 1344 993; x_wconf 82' lang='grc'><strong>676,</strong></span> <span class='ocrx_word' id='word_1_50' title='bbox 1366 921 1384 981; x_wconf 83' lang='grc'>5</span> 
     </span>
     <span class='ocr_line' id='line_1_7' title="bbox 217 1014 1386 1110; baseline 0 -23"><span class='ocrx_word' id='word_1_51' title='bbox 217 1022 413 1088; x_wconf 76' lang='lat' dir='ltr'><strong>illatorcic:</strong></span> <span class='ocrx_word' id='word_1_52' title='bbox 434 1015 666 1101; x_wconf 78' lang='grc' dir='ltr'><em>Ἀπολλώνιος</em></span> <span class='ocrx_word' id='word_1_53' title='bbox 693 1022 832 1103; x_wconf 88' lang='grc' dir='ltr'><em>,,πολλὰ</em></span> <span class='ocrx_word' id='word_1_54' title='bbox 863 1020 901 1090; x_wconf 74' lang='lat' dir='ltr'><strong>dd</strong></span> <span class='ocrx_word' id='word_1_55' title='bbox 923 1018 1098 1107; x_wconf 84' lang='grc' dir='ltr'><em>Κωρύκιαι</em></span> <span class='ocrx_word' id='word_1_56' title='bbox 1122 1014 1258 1110; x_wconf 81' lang='grc' dir='ltr'><em>νύμφαι</em></span> <span class='ocrx_word' id='word_1_57' title='bbox 1285 1020 1386 1087; x_wconf 84' lang='grc' dir='ltr'><em>Πλει-</em></span> 
     </span>
     <span class='ocr_line' id='line_1_8' title="bbox 214 1123 1383 1218; baseline -0.001 -24"><span class='ocrx_word' id='word_1_58' title='bbox 214 1151 308 1196; x_wconf 90' lang='grc' dir='ltr'><em>στοιο</em></span> <span class='ocrx_word' id='word_1_59' title='bbox 320 1124 518 1216; x_wconf 52' lang='grc' dir='ltr'><em>θύγατρεςῑί.</em></span> <span class='ocrx_word' id='word_1_60' title='bbox 539 1128 625 1210; x_wconf 78' lang='grc' dir='ltr'><em>τινὲς</em></span> <span class='ocrx_word' id='word_1_61' title='bbox 642 1125 903 1218; x_wconf 80' lang='grc' dir='ltr'><em>ἀναγινώσκουσι</em></span> <span class='ocrx_word' id='word_1_62' title='bbox 916 1123 1259 1218; x_wconf 83' lang='grc' dir='ltr'><em>προπερισπωμόνως,</em></span> <span class='ocrx_word' id='word_1_63' title='bbox 1271 1125 1383 1215; x_wconf 79' lang='grc' dir='ltr'><em>ἐπειδὴ</em></span> 
     </span>
     <span class='ocr_line' id='line_1_9' title="bbox 214 1230 1385 1323; baseline -0.001 -20"><span class='ocrx_word' id='word_1_64' title='bbox 214 1236 271 1303; x_wconf 81' lang='grc' dir='ltr'><strong>καί</strong></span> <span class='ocrx_word' id='word_1_65' title='bbox 290 1233 357 1304; x_wconf 79' lang='grc' dir='ltr'><strong>ὑπὸ</strong></span> <span class='ocrx_word' id='word_1_66' title='bbox 380 1241 443 1304; x_wconf 82' lang='grc' dir='ltr'><strong>τῶν</strong></span> <span class='ocrx_word' id='word_1_67' title='bbox 463 1232 628 1322; x_wconf 74' lang='grc' dir='ltr'><em>ἐγχωρίων</em></span> <span class='ocrx_word' id='word_1_68' title='bbox 647 1235 779 1323; x_wconf 78' lang='grc' dir='ltr'><em>λέγεται</em></span> <span class='ocrx_word' id='word_1_69' title='bbox 792 1232 958 1317; x_wconf 88' lang='grc' dir='ltr'><em>Πλειστός</em></span> <span class='ocrx_word' id='word_1_70' title='bbox 978 1231 1152 1319; x_wconf 83' lang='grc' dir='ltr'><em>ὀξυτόνως·</em></span> <span class='ocrx_word' id='word_1_71' title='bbox 1175 1230 1248 1301; x_wconf 70' lang='grc' dir='ltr'><em>ἔστι</em></span> <span class='ocrx_word' id='word_1_72' title='bbox 1270 1232 1308 1301; x_wconf 80' lang='grc' dir='ltr'><strong>δὲ</strong></span> <span class='ocrx_word' id='word_1_73' title='bbox 1326 1259 1385 1302; x_wconf 90' lang='grc' dir='ltr'><strong>πο-</strong></span> 
     </span>
     <span class='ocr_line' id='line_1_10' title="bbox 213 1339 1385 1436; baseline -0.001 -27"><span class='ocrx_word' id='word_1_74' title='bbox 213 1343 318 1428; x_wconf 85' lang='grc' dir='ltr'><em>ταμὸς</em></span> <span class='ocrx_word' id='word_1_75' title='bbox 346 1342 381 1410; x_wconf 79' lang='grc' dir='ltr'><strong>ἐν</strong></span> <span class='ocrx_word' id='word_1_76' title='bbox 410 1344 568 1434; x_wconf 81' lang='grc' dir='ltr'><em>Δελφοῖς.</em></span> <span class='ocrx_word' id='word_1_77' title='bbox 606 1339 819 1432; x_wconf 80' lang='grc' dir='ltr'><em>Ἡρωδιανὸς</em></span> <span class='ocrx_word' id='word_1_78' title='bbox 845 1344 882 1413; x_wconf 78' lang='grc' dir='ltr'><strong>δὲ</strong></span> <span class='ocrx_word' id='word_1_79' title='bbox 906 1343 942 1412; x_wconf 73' lang='grc' dir='ltr'><strong>ἓν</strong></span> <span class='ocrx_word' id='word_1_80' title='bbox 962 1349 1002 1436; x_wconf 81' lang='grc' dir='ltr'><strong>τῇ</strong></span> <span class='ocrx_word' id='word_1_81' title='bbox 1028 1347 1090 1432; x_wconf 87' lang='lat' dir='ltr'><strong>&lt;sic</strong></span> <span class='ocrx_word' id='word_1_82' title='bbox 1110 1364 1170 1429; x_wconf 89' lang='lat' dir='ltr'><strong>pro</strong></span> <span class='ocrx_word' id='word_1_83' title='bbox 1192 1346 1243 1430; x_wconf 76' lang='grc' dir='ltr'><strong>τῷ</strong></span> <span class='ocrx_word' id='word_1_84' title='bbox 1263 1346 1385 1430; x_wconf 78' lang='lat' dir='ltr'><strong>scripsit</strong></span> 
     </span>
     <span class='ocr_line' id='line_1_11' title="bbox 213 1449 1383 1539; baseline 0.001 -20"><span class='ocrx_word' id='word_1_85' title='bbox 213 1453 380 1538; x_wconf 81' lang='lat' dir='ltr'><strong>hehrsius&gt;</strong></span> <span class='ocrx_word' id='word_1_86' title='bbox 400 1449 554 1518; x_wconf 73' lang='grc' dir='ltr'><em>καθόλου</em></span> <span class='ocrx_word' id='word_1_87' title='bbox 575 1453 739 1533; x_wconf 78' lang='grc' dir='ltr'><em>Πλεῖστος</em></span> <span class='ocrx_word' id='word_1_88' title='bbox 759 1450 904 1539; x_wconf 81' lang='grc' dir='ltr'><em>βαρύνει.</em></span> <span class='ocrx_word' id='word_1_89' title='bbox 946 1453 985 1520; x_wconf 92' lang='lat' dir='ltr'><strong>In</strong></span> <span class='ocrx_word' id='word_1_90' title='bbox 1006 1452 1159 1537; x_wconf 86' lang='lat' dir='ltr'><strong>Aeschyli</strong></span> <span class='ocrx_word' id='word_1_91' title='bbox 1185 1451 1326 1519; x_wconf 79' lang='lat' dir='ltr'><strong>Flumen.</strong></span> <span class='ocrx_word' id='word_1_92' title='bbox 1347 1459 1383 1520; x_wconf 74' lang='lat' dir='ltr'><strong>‘ll</strong></span> 
     </span>
     <span class='ocr_line' id='line_1_12' title="bbox 214 1556 1385 1648; baseline -0.001 -23"><span class='ocrx_word' id='word_1_93' title='bbox 214 1562 339 1626; x_wconf 90' lang='lat' dir='ltr'><strong>codices</strong></span> <span class='ocrx_word' id='word_1_94' title='bbox 367 1556 559 1639; x_wconf 87' lang='grc' dir='ltr'><em>Πλείστους.</em></span> <span class='ocrx_word' id='word_1_95' title='bbox 601 1562 639 1627; x_wconf 92' lang='lat' dir='ltr'><strong>In</strong></span> <span class='ocrx_word' id='word_1_96' title='bbox 664 1563 851 1629; x_wconf 76' lang='lat' dir='ltr'><strong>Callimachi</strong></span> <span class='ocrx_word' id='word_1_97' title='bbox 882 1563 992 1648; x_wconf 82' lang='lat' dir='ltr'><strong>hymn.</strong></span> <span class='ocrx_word' id='word_1_98' title='bbox 1018 1561 1088 1627; x_wconf 90' lang='lat' dir='ltr'><strong>Del.</strong></span> <span class='ocrx_word' id='word_1_99' title='bbox 1120 1565 1160 1629; x_wconf 81' lang='lat'><strong>92</strong></span> <span class='ocrx_word' id='word_1_100' title='bbox 1191 1558 1385 1624; x_wconf 78' lang='lat' dir='ltr'><strong>Hleecccic:</strong></span> 
     </span>
     <span class='ocr_line' id='line_1_13' title="bbox 215 1666 1385 1757; baseline 0 -25"><span class='ocrx_word' id='word_1_101' title='bbox 215 1669 302 1752; x_wconf 92' lang='lat' dir='ltr'><strong>quod</strong></span> <span class='ocrx_word' id='word_1_102' title='bbox 338 1668 567 1735; x_wconf 79' lang='lat' dir='ltr'><strong>Callimachum</strong></span> <span class='ocrx_word' id='word_1_103' title='bbox 597 1671 759 1736; x_wconf 89' lang='lat' dir='ltr'><strong>doctrinae</strong></span> <span class='ocrx_word' id='word_1_104' title='bbox 795 1674 992 1757; x_wconf 77' lang='lat' dir='ltr'><strong>captatorem</strong></span> <span class='ocrx_word' id='word_1_105' title='bbox 1023 1689 1092 1733; x_wconf 90' lang='lat' dir='ltr'><strong>non</strong></span> <span class='ocrx_word' id='word_1_106' title='bbox 1128 1667 1274 1734; x_wconf 80' lang='lat' dir='ltr'><strong>dedecet</strong></span> <span class='ocrx_word' id='word_1_107' title='bbox 1326 1666 1385 1734; x_wconf 88' lang='lat' dir='ltr'><strong>Sed</strong></span> 
     </span>
     <span class='ocr_line' id='line_1_14' title="bbox 212 1773 1385 1864; baseline -0.001 -24"><span class='ocrx_word' id='word_1_108' title='bbox 212 1774 425 1860; x_wconf 87' lang='lat' dir='ltr'><strong>Aeschyleam</strong></span> <span class='ocrx_word' id='word_1_109' title='bbox 450 1776 619 1862; x_wconf 85' lang='lat' dir='ltr'><strong>Pythiam,</strong></span> <span class='ocrx_word' id='word_1_110' title='bbox 648 1779 675 1843; x_wconf 91' lang='lat' dir='ltr'><strong>si</strong></span> <span class='ocrx_word' id='word_1_111' title='bbox 702 1778 801 1864; x_wconf 83' lang='lat' dir='ltr'><strong>vulgo</strong></span> <span class='ocrx_word' id='word_1_112' title='bbox 829 1779 864 1842; x_wconf 90' lang='lat' dir='ltr'><strong>in</strong></span> <span class='ocrx_word' id='word_1_113' title='bbox 886 1777 1018 1844; x_wconf 78' lang='lat' dir='ltr'><strong>Graecia</strong></span> <span class='ocrx_word' id='word_1_114' title='bbox 1042 1775 1266 1859; x_wconf 85' lang='lat' dir='ltr'><strong>loquebantur</strong></span> <span class='ocrx_word' id='word_1_115' title='bbox 1286 1773 1385 1839; x_wconf 81' lang='grc' dir='ltr'><em>Πλεῖ-</em></span> 
     </span>
     <span class='ocr_line' id='line_1_15' title="bbox 213 1882 1385 1970; baseline 0.003 -24"><span class='ocrx_word' id='word_1_116' title='bbox 213 1903 303 1960; x_wconf 89' lang='grc' dir='ltr'><em>στος,</em></span> <span class='ocrx_word' id='word_1_117' title='bbox 331 1884 358 1948; x_wconf 89' lang='lat' dir='ltr'><strong>si</strong></span> <span class='ocrx_word' id='word_1_118' title='bbox 386 1885 432 1948; x_wconf 88' lang='lat' dir='ltr'><strong>ita</strong></span> <span class='ocrx_word' id='word_1_119' title='bbox 453 1884 590 1949; x_wconf 85' lang='lat' dir='ltr'><strong>Athenis</strong></span> <span class='ocrx_word' id='word_1_120' title='bbox 611 1885 702 1969; x_wconf 91' lang='lat' dir='ltr'><strong>loqui</strong></span> <span class='ocrx_word' id='word_1_121' title='bbox 723 1908 793 1951; x_wconf 88' lang='lat' dir='ltr'><strong>mos</strong></span> <span class='ocrx_word' id='word_1_122' title='bbox 815 1889 898 1967; x_wconf 85' lang='lat' dir='ltr'><strong>erat,</strong></span> <span class='ocrx_word' id='word_1_123' title='bbox 924 1906 988 1969; x_wconf 92' lang='lat' dir='ltr'><strong>quo</strong></span> <span class='ocrx_word' id='word_1_124' title='bbox 1011 1883 1108 1949; x_wconf 91' lang='lat' dir='ltr'><strong>modo</strong></span> <span class='ocrx_word' id='word_1_125' title='bbox 1131 1883 1245 1950; x_wconf 89' lang='lat' dir='ltr'><strong>deceat</strong></span> <span class='ocrx_word' id='word_1_126' title='bbox 1266 1882 1385 1970; x_wconf 81' lang='lat' dir='ltr'><strong>fingere</strong></span> 
     </span>
     <span class='ocr_line' id='line_1_16' title="bbox 212 1982 1385 2081; baseline 0.002 -28"><span class='ocrx_word' id='word_1_127' title='bbox 212 1985 376 2054; x_wconf 88' lang='grc' dir='ltr'><em>Πλειστόν</em></span> <span class='ocrx_word' id='word_1_128' title='bbox 398 1991 503 2056; x_wconf 88' lang='lat' dir='ltr'><strong>dicere</strong></span> <span class='ocrx_word' id='word_1_129' title='bbox 524 1992 630 2076; x_wconf 87' lang='lat' dir='ltr'><strong>topice</strong></span> <span class='ocrx_word' id='word_1_130' title='bbox 651 2016 717 2059; x_wconf 90' lang='lat' dir='ltr'><strong>non</strong></span> <span class='ocrx_word' id='word_1_131' title='bbox 731 1993 892 2081; x_wconf 84' lang='lat' dir='ltr'><strong>intelligo.</strong></span> <span class='ocrx_word' id='word_1_132' title='bbox 927 1991 1077 2057; x_wconf 81' lang='lat' dir='ltr'><strong>Auferte</strong></span> <span class='ocrx_word' id='word_1_133' title='bbox 1095 1993 1129 2056; x_wconf 90' lang='lat' dir='ltr'><strong>et</strong></span> <span class='ocrx_word' id='word_1_134' title='bbox 1144 1982 1385 2074; x_wconf 73' lang='grc' dir='ltr'><em>Ἐρχομενονολ</em></span> 
     </span>
     <span class='ocr_line' id='line_1_17' title="bbox 216 2091 1385 2185; baseline 0.003 -23"><span class='ocrx_word' id='word_1_135' title='bbox 216 2100 341 2181; x_wconf 82' lang='grc' dir='ltr'><em>Θειβας</em></span> <span class='ocrx_word' id='word_1_136' title='bbox 352 2102 386 2163; x_wconf 87' lang='lat' dir='ltr'><strong>et</strong></span> <span class='ocrx_word' id='word_1_137' title='bbox 394 2095 549 2185; x_wconf 86' lang='grc' dir='ltr'><em>Κάφισος</em></span> <span class='ocrx_word' id='word_1_138' title='bbox 561 2099 733 2165; x_wconf 89' lang='lat' dir='ltr'><strong>Boeotium</strong></span> <span class='ocrx_word' id='word_1_139' title='bbox 746 2104 780 2166; x_wconf 90' lang='lat' dir='ltr'><strong>et</strong></span> <span class='ocrx_word' id='word_1_140' title='bbox 787 2091 900 2177; x_wconf 87' lang='grc' dir='ltr'><em>Αύλις</em></span> <span class='ocrx_word' id='word_1_141' title='bbox 915 2104 948 2166; x_wconf 91' lang='lat' dir='ltr'><strong>et</strong></span> <span class='ocrx_word' id='word_1_142' title='bbox 960 2097 1087 2164; x_wconf 87' lang='lat' dir='ltr'><strong>nullum</strong></span> <span class='ocrx_word' id='word_1_143' title='bbox 1099 2120 1201 2163; x_wconf 91' lang='lat' dir='ltr'><strong>unum</strong></span> <span class='ocrx_word' id='word_1_144' title='bbox 1213 2097 1385 2165; x_wconf 87' lang='lat' dir='ltr'><strong>Boeotium</strong></span> 
     </span>
     <span class='ocr_line' id='line_1_18' title="bbox 213 2206 1385 2286; baseline 0.002 -16"><span class='ocrx_word' id='word_1_145' title='bbox 213 2228 331 2271; x_wconf 89' lang='lat' dir='ltr'><strong>nomen</strong></span> <span class='ocrx_word' id='word_1_146' title='bbox 359 2229 432 2271; x_wconf 92' lang='lat' dir='ltr'><strong>cum</strong></span> <span class='ocrx_word' id='word_1_147' title='bbox 458 2211 592 2272; x_wconf 87' lang='lat' dir='ltr'><strong>accentu</strong></span> <span class='ocrx_word' id='word_1_148' title='bbox 618 2209 652 2273; x_wconf 92' lang='lat' dir='ltr'><strong>in</strong></span> <span class='ocrx_word' id='word_1_149' title='bbox 672 2207 809 2273; x_wconf 78' lang='lat' dir='ltr'><strong>ultima?</strong></span> <span class='ocrx_word' id='word_1_150' title='bbox 844 2207 960 2286; x_wconf 82' lang='lat' dir='ltr'><strong>Qualia</strong></span> <span class='ocrx_word' id='word_1_151' title='bbox 984 2207 1019 2271; x_wconf 91' lang='lat' dir='ltr'><strong>in</strong></span> <span class='ocrx_word' id='word_1_152' title='bbox 1045 2206 1214 2273; x_wconf 84' lang='lat' dir='ltr'><strong>comoedia</strong></span> <span class='ocrx_word' id='word_1_153' title='bbox 1233 2228 1385 2272; x_wconf 91' lang='lat' dir='ltr'><strong>nonnun-</strong></span> 
     </span>
     <span class='ocr_line' id='line_1_19' title="bbox 213 2314 1386 2402; baseline 0.001 -25"><span class='ocrx_word' id='word_1_154' title='bbox 213 2337 310 2398; x_wconf 86' lang='lat' dir='ltr'><strong>quam</strong></span> <span class='ocrx_word' id='word_1_155' title='bbox 340 2315 375 2378; x_wconf 89' lang='lat' dir='ltr'><strong>in</strong></span> <span class='ocrx_word' id='word_1_156' title='bbox 401 2315 538 2400; x_wconf 85' lang='lat' dir='ltr'><strong>singulis</strong></span> <span class='ocrx_word' id='word_1_157' title='bbox 566 2337 696 2399; x_wconf 91' lang='lat' dir='ltr'><strong>quoque</strong></span> <span class='ocrx_word' id='word_1_158' title='bbox 725 2317 909 2381; x_wconf 90' lang='lat' dir='ltr'><strong>nominibus</strong></span> <span class='ocrx_word' id='word_1_159' title='bbox 935 2337 955 2380; x_wconf 90' lang='lat' dir='ltr'><strong>a</strong></span> <span class='ocrx_word' id='word_1_160' title='bbox 985 2315 1090 2402; x_wconf 90' lang='lat' dir='ltr'><strong>poetis</strong></span> <span class='ocrx_word' id='word_1_161' title='bbox 1116 2319 1149 2380; x_wconf 88' lang='lat' dir='ltr'><strong>et</strong></span> <span class='ocrx_word' id='word_1_162' title='bbox 1174 2314 1386 2381; x_wconf 86' lang='lat' dir='ltr'><strong>histrionibus</strong></span> 
     </span>
     <span class='ocr_line' id='line_1_20' title="bbox 213 2421 1386 2508; baseline 0.003 -24"><span class='ocrx_word' id='word_1_163' title='bbox 213 2422 283 2486; x_wconf 89' lang='lat' dir='ltr'><strong>iure</strong></span> <span class='ocrx_word' id='word_1_164' title='bbox 306 2425 339 2487; x_wconf 90' lang='lat' dir='ltr'><strong>et</strong></span> <span class='ocrx_word' id='word_1_165' title='bbox 359 2444 479 2507; x_wconf 86' lang='lat' dir='ltr'><strong>magno</strong></span> <span class='ocrx_word' id='word_1_166' title='bbox 503 2445 576 2488; x_wconf 91' lang='lat' dir='ltr'><strong>cum</strong></span> <span class='ocrx_word' id='word_1_167' title='bbox 598 2445 747 2490; x_wconf 89' lang='lat' dir='ltr'><strong>successu</strong></span> <span class='ocrx_word' id='word_1_168' title='bbox 769 2428 967 2508; x_wconf 89' lang='lat' dir='ltr'><strong>quaeruntur</strong></span> <span class='ocrx_word' id='word_1_169' title='bbox 981 2424 1021 2488; x_wconf 88' lang='lat' dir='ltr'><strong>ad</strong></span> <span class='ocrx_word' id='word_1_170' title='bbox 1035 2424 1145 2491; x_wconf 89' lang='lat' dir='ltr'><strong>risum.</strong></span> <span class='ocrx_word' id='word_1_171' title='bbox 1160 2459 1203 2471; x_wconf 89' lang='lat'>—</span> <span class='ocrx_word' id='word_1_172' title='bbox 1217 2421 1266 2489; x_wconf 81' lang='lat' dir='ltr'><strong>cf.</strong></span> <span class='ocrx_word' id='word_1_173' title='bbox 1283 2421 1386 2489; x_wconf 86' lang='lat' dir='ltr'><strong>Stein-</strong></span> 
     </span>
     <span class='ocr_line' id='line_1_21' title="bbox 213 2528 1386 2618; baseline 0 -26"><span class='ocrx_word' id='word_1_174' title='bbox 213 2528 296 2608; x_wconf 77' lang='lat' dir='ltr'><strong>thal,</strong></span> <span class='ocrx_word' id='word_1_175' title='bbox 319 2528 431 2595; x_wconf 78' lang='lat' dir='ltr'><strong>Gesch.</strong></span> <span class='ocrx_word' id='word_1_176' title='bbox 455 2530 511 2595; x_wconf 90' lang='lat' dir='ltr'><strong>der</strong></span> <span class='ocrx_word' id='word_1_177' title='bbox 532 2530 877 2618; x_wconf 82' lang='lat' dir='ltr'><strong>Sprachwissenschait</strong></span> <span class='ocrx_word' id='word_1_178' title='bbox 904 2531 957 2596; x_wconf 91' lang='lat' dir='ltr'><strong>bei</strong></span> <span class='ocrx_word' id='word_1_179' title='bbox 978 2530 1136 2596; x_wconf 85' lang='lat' dir='ltr'><strong>Griechcn</strong></span> <span class='ocrx_word' id='word_1_180' title='bbox 1156 2529 1226 2594; x_wconf 90' lang='lat' dir='ltr'><strong>und</strong></span> <span class='ocrx_word' id='word_1_181' title='bbox 1246 2528 1386 2595; x_wconf 71' lang='lat' dir='ltr'><strong>Romern</strong></span> 
     </span>
     <span class='ocr_line' id='line_1_22' title="bbox 214 2635 1386 2724; baseline -0.003 -19"><span class='ocrx_word' id='word_1_182' title='bbox 214 2661 245 2722; x_wconf 92' lang='lat' dir='ltr'><strong>p.</strong></span> <span class='ocrx_word' id='word_1_183' title='bbox 267 2644 337 2705; x_wconf 85' lang='grc'><strong>466.</strong></span> <span class='ocrx_word' id='word_1_184' title='bbox 360 2642 430 2704; x_wconf 87' lang='grc'><strong>463.</strong></span> <span class='ocrx_word' id='word_1_185' title='bbox 471 2637 652 2722; x_wconf 87' lang='lat' dir='ltr'><strong>Bekherus,</strong></span> <span class='ocrx_word' id='word_1_186' title='bbox 679 2641 735 2724; x_wconf 93' lang='lat' dir='ltr'><strong>qui</strong></span> <span class='ocrx_word' id='word_1_187' title='bbox 761 2640 855 2704; x_wconf 88' lang='lat' dir='ltr'><strong>aliter</strong></span> <span class='ocrx_word' id='word_1_188' title='bbox 879 2638 1046 2722; x_wconf 82' lang='lat' dir='ltr'><strong>iudicavit,</strong></span> <span class='ocrx_word' id='word_1_189' title='bbox 1070 2638 1166 2703; x_wconf 89' lang='lat' dir='ltr'><strong>Hom.</strong></span> <span class='ocrx_word' id='word_1_190' title='bbox 1188 2636 1239 2702; x_wconf 92' lang='lat' dir='ltr'><strong>Bl.</strong></span> <span class='ocrx_word' id='word_1_191' title='bbox 1260 2635 1279 2701; x_wconf 92' lang='lat' dir='ltr'><strong>l</strong></span> <span class='ocrx_word' id='word_1_192' title='bbox 1299 2661 1330 2722; x_wconf 89' lang='lat' dir='ltr'><strong>p.</strong></span> <span class='ocrx_word' id='word_1_193' title='bbox 1349 2642 1386 2704; x_wconf 73' lang='lat'><strong>62</strong></span> 
     </span>
     <span class='ocr_line' id='line_1_23' title="bbox 214 2744 1386 2831; baseline 0.001 -24"><span class='ocrx_word' id='word_1_194' title='bbox 214 2744 382 2828; x_wconf 85' lang='lat' dir='ltr'><strong>perpaucis</strong></span> <span class='ocrx_word' id='word_1_195' title='bbox 409 2746 535 2827; x_wconf 82' lang='lat' dir='ltr'><strong>putavit</strong></span> <span class='ocrx_word' id='word_1_196' title='bbox 560 2747 622 2811; x_wconf 94' lang='lat' dir='ltr'><strong>hoc</strong></span> <span class='ocrx_word' id='word_1_197' title='bbox 645 2751 743 2831; x_wconf 88' lang='lat' dir='ltr'><strong>caput</strong></span> <span class='ocrx_word' id='word_1_198' title='bbox 767 2745 891 2812; x_wconf 88' lang='lat' dir='ltr'><strong>absolvi</strong></span> <span class='ocrx_word' id='word_1_199' title='bbox 912 2768 1021 2830; x_wconf 83' lang='lat' dir='ltr'><strong>posse,</strong></span> <span class='ocrx_word' id='word_1_200' title='bbox 1048 2746 1132 2831; x_wconf 88' lang='lat' dir='ltr'><strong>qnod</strong></span> <span class='ocrx_word' id='word_1_201' title='bbox 1157 2745 1237 2809; x_wconf 90' lang='lat' dir='ltr'><strong>mihi</strong></span> <span class='ocrx_word' id='word_1_202' title='bbox 1259 2744 1386 2829; x_wconf 89' lang='lat' dir='ltr'><strong>quidem</strong></span> 
     </span>
     <span class='ocr_line' id='line_1_24' title="bbox 215 2850 1387 2938; baseline 0 -23"><span class='ocrx_word' id='word_1_203' title='bbox 215 2873 341 2935; x_wconf 88' lang='lat' dir='ltr'><strong>semper</strong></span> <span class='ocrx_word' id='word_1_204' title='bbox 365 2853 646 2936; x_wconf 90' lang='lat' dir='ltr'><strong>impeditissimum</strong></span> <span class='ocrx_word' id='word_1_205' title='bbox 676 2857 781 2920; x_wconf 85' lang='lat' dir='ltr'><strong>visum</strong></span> <span class='ocrx_word' id='word_1_206' title='bbox 812 2859 845 2920; x_wconf 87' lang='lat' dir='ltr'><strong>et</strong></span> <span class='ocrx_word' id='word_1_207' title='bbox 872 2855 934 2938; x_wconf 90' lang='lat' dir='ltr'><strong>ipsi</strong></span> <span class='ocrx_word' id='word_1_208' title='bbox 961 2858 1000 2919; x_wconf 89' lang='lat' dir='ltr'><strong>ut</strong></span> <span class='ocrx_word' id='word_1_209' title='bbox 1021 2852 1141 2919; x_wconf 74' lang='lat' dir='ltr'><strong>Graeca</strong></span> <span class='ocrx_word' id='word_1_210' title='bbox 1170 2850 1387 2917; x_wconf 85' lang='lat' dir='ltr'><strong>consideranti</strong></span> 
     </span>
     <span class='ocr_line' id='line_1_25' title="bbox 215 2957 1386 3046; baseline 0 -23"><span class='ocrx_word' id='word_1_211' title='bbox 215 2959 260 3023; x_wconf 89' lang='lat' dir='ltr'><strong>sic</strong></span> <span class='ocrx_word' id='word_1_212' title='bbox 282 2957 465 3027; x_wconf 90' lang='lat' dir='ltr'><strong>domestica.</strong></span> <span class='ocrx_word' id='word_1_213' title='bbox 509 2959 578 3025; x_wconf 91' lang='lat' dir='ltr'><strong>Illic</strong></span> <span class='ocrx_word' id='word_1_214' title='bbox 607 2984 737 3046; x_wconf 91' lang='lat' dir='ltr'><strong>quoque</strong></span> <span class='ocrx_word' id='word_1_215' title='bbox 758 2963 872 3028; x_wconf 85' lang='lat' dir='ltr'><strong>mehor</strong></span> <span class='ocrx_word' id='word_1_216' title='bbox 893 2962 975 3027; x_wconf 89' lang='lat' dir='ltr'><strong>ratio</strong></span> <span class='ocrx_word' id='word_1_217' title='bbox 995 2962 1030 3025; x_wconf 89' lang='lat' dir='ltr'><strong>in</strong></span> <span class='ocrx_word' id='word_1_218' title='bbox 1051 2964 1142 3026; x_wconf 88' lang='lat' dir='ltr'><strong>textu</strong></span> <span class='ocrx_word' id='word_1_219' title='bbox 1165 2960 1324 3038; x_wconf 84' lang='lat' dir='ltr'><strong>obtinuit,</strong></span> <span class='ocrx_word' id='word_1_220' title='bbox 1348 2979 1386 3023; x_wconf 86' lang='lat' dir='ltr'><strong>ne</strong></span> 
     </span>
     <span class='ocr_line' id='line_1_26' title="bbox 215 3059 1387 3151; baseline -0.001 -23"><span class='ocrx_word' id='word_1_221' title='bbox 215 3087 254 3129; x_wconf 84' lang='lat' dir='ltr'><strong>ex</strong></span> <span class='ocrx_word' id='word_1_222' title='bbox 280 3087 345 3130; x_wconf 93' lang='lat' dir='ltr'><strong>uno</strong></span> <span class='ocrx_word' id='word_1_223' title='bbox 374 3067 504 3149; x_wconf 93' lang='lat' dir='ltr'><strong>quidem</strong></span> <span class='ocrx_word' id='word_1_224' title='bbox 526 3069 594 3134; x_wconf 91' lang='lat' dir='ltr'><strong>cod.</strong></span> <span class='ocrx_word' id='word_1_225' title='bbox 618 3067 799 3134; x_wconf 83' lang='grc' dir='ltr'><em>Πλειστοῖο</em></span> <span class='ocrx_word' id='word_1_226' title='bbox 829 3073 987 3135; x_wconf 87' lang='lat' dir='ltr'><strong>notatum.</strong></span> <span class='ocrx_word' id='word_1_227' title='bbox 1011 3105 1048 3116; x_wconf 91' lang='lat'>-</span> <span class='ocrx_word' id='word_1_228' title='bbox 1071 3067 1182 3151; x_wconf 83' lang='lat' dir='ltr'><strong>Steph.</strong></span> <span class='ocrx_word' id='word_1_229' title='bbox 1205 3065 1283 3151; x_wconf 80' lang='lat' dir='ltr'><strong>Byr.</strong></span> <span class='ocrx_word' id='word_1_230' title='bbox 1296 3059 1387 3129; x_wconf 74' lang='grc' dir='ltr'><em>’λτων</em></span> 
     </span>
     <span class='ocr_line' id='line_1_27' title="bbox 215 3163 1386 3262; baseline 0.001 -26"><span class='ocrx_word' id='word_1_231' title='bbox 215 3166 317 3250; x_wconf 82' lang='grc' dir='ltr'><em>πόλις</em></span> <span class='ocrx_word' id='word_1_232' title='bbox 342 3168 543 3253; x_wconf 84' lang='grc' dir='ltr'><em>Θεσσαλίας,</em></span> <span class='ocrx_word' id='word_1_233' title='bbox 572 3165 708 3252; x_wconf 65' lang='grc' dir='ltr'><em>,ξἸτωνσί</em></span> <span class='ocrx_word' id='word_1_234' title='bbox 734 3198 769 3240; x_wconf 83' lang='grc' dir='ltr'><strong>τε</strong></span> <span class='ocrx_word' id='word_1_235' title='bbox 794 3173 919 3261; x_wconf 76' lang='grc' dir='ltr'><em>μητέρα</em></span> <span class='ocrx_word' id='word_1_236' title='bbox 943 3168 1086 3262; x_wconf 59' lang='lat' dir='ltr'><strong>plausu</strong></span> <span class='ocrx_word' id='word_1_237' title='bbox 1112 3174 1161 3259; x_wconf 90' lang='lat' dir='ltr'><strong>(ll.</strong></span> <span class='ocrx_word' id='word_1_238' title='bbox 1182 3177 1214 3237; x_wconf 92' lang='lat' dir='ltr'><em>B</em></span> <span class='ocrx_word' id='word_1_239' title='bbox 1233 3177 1320 3258; x_wconf 83' lang='grc'><strong>696).</strong></span> <span class='ocrx_word' id='word_1_240' title='bbox 1355 3163 1386 3237; x_wconf 75' lang='grc' dir='ltr'><strong>οἳ</strong></span> 
     </span>
     <span class='ocr_line' id='line_1_28' title="bbox 215 3273 1385 3370; baseline 0 -26"><span class='ocrx_word' id='word_1_241' title='bbox 215 3275 368 3365; x_wconf 77' lang='grc' dir='ltr'><em>ἐγχώριοι</em></span> <span class='ocrx_word' id='word_1_242' title='bbox 389 3273 551 3360; x_wconf 82' lang='grc' dir='ltr'><em>ὀξυτόνως</em></span> <span class='ocrx_word' id='word_1_243' title='bbox 572 3273 677 3368; x_wconf 76' lang='grc' dir='ltr'><em>αύτήν</em></span> <span class='ocrx_word' id='word_1_244' title='bbox 698 3302 810 3370; x_wconf 90' lang='grc' dir='ltr'><em>φασιν.</em></span> <span class='ocrx_word' id='word_1_245' title='bbox 838 3283 884 3352; x_wconf 92' lang='lat' dir='ltr'><strong>Id.</strong></span> <span class='ocrx_word' id='word_1_246' title='bbox 901 3276 1028 3368; x_wconf 79' lang='grc' dir='ltr'><em>Ἀγκιόν</em></span> <span class='ocrx_word' id='word_1_247' title='bbox 1049 3275 1152 3359; x_wconf 88' lang='grc' dir='ltr'><em>πόλις</em></span> <span class='ocrx_word' id='word_1_248' title='bbox 1169 3275 1385 3345; x_wconf 81' lang='grc' dir='ltr'><em>Πικεντίνων.</em></span> 
     </span>
     <span class='ocr_line' id='line_1_29' title="bbox 150 3380 1386 3476; baseline 0 -24"><span class='ocrx_word' id='word_1_249' title='bbox 150 3393 200 3444; x_wconf 75' lang='lat'><strong>264</strong></span> <span class='ocrx_word' id='word_1_250' title='bbox 217 3380 299 3466; x_wconf 75' lang='grc' dir='ltr'><em>ἴσως</em></span> <span class='ocrx_word' id='word_1_251' title='bbox 320 3383 357 3452; x_wconf 80' lang='grc' dir='ltr'><strong>δὲ</strong></span> <span class='ocrx_word' id='word_1_252' title='bbox 383 3381 562 3473; x_wconf 79' lang='grc' dir='ltr'><em>βαρύνεται</em></span> <span class='ocrx_word' id='word_1_253' title='bbox 586 3388 671 3454; x_wconf 86' lang='grc' dir='ltr'><em>κατὰ</em></span> <span class='ocrx_word' id='word_1_254' title='bbox 699 3388 777 3468; x_wconf 83' lang='grc' dir='ltr'><em>τούς</em></span> <span class='ocrx_word' id='word_1_255' title='bbox 799 3386 977 3475; x_wconf 78' lang='grc' dir='ltr'><em>ἐγχωρίους</em></span> <span class='ocrx_word' id='word_1_256' title='bbox 1001 3383 1047 3468; x_wconf 79' lang='grc' dir='ltr'><em>ὡς</em></span> <span class='ocrx_word' id='word_1_257' title='bbox 1062 3383 1276 3476; x_wconf 57' lang='lat' dir='ltr'><strong>linquam</strong></span> <span class='ocrx_word' id='word_1_258' title='bbox 1302 3380 1386 3472; x_wconf 77' lang='grc' dir='ltr'><strong>(Ἅγ-</strong></span> 
     </span>
     <span class='ocr_line' id='line_1_30' title="bbox 212 3488 1386 3588; baseline -0.002 -29"><span class='ocrx_word' id='word_1_259' title='bbox 212 3490 329 3576; x_wconf 88' lang='grc' dir='ltr'><em>χίαλόν</em></span> <span class='ocrx_word' id='word_1_260' title='bbox 356 3489 386 3560; x_wconf 81' lang='grc' dir='ltr'><strong>τ’</strong></span> <span class='ocrx_word' id='word_1_261' title='bbox 414 3489 581 3580; x_wconf 84' lang='grc' dir='ltr'><em>Ἀντρῶνα</em></span> <span class='ocrx_word' id='word_1_262' title='bbox 604 3500 634 3560; x_wconf 88' lang='grc' dir='ltr'><strong><em>Β</em></strong></span> <span class='ocrx_word' id='word_1_263' title='bbox 656 3502 738 3582; x_wconf 83' lang='grc'><strong>697).</strong></span> <span class='ocrx_word' id='word_1_264' title='bbox 778 3499 898 3566; x_wconf 89' lang='lat' dir='ltr'><strong>Herod.</strong></span> <span class='ocrx_word' id='word_1_265' title='bbox 920 3503 955 3563; x_wconf 86' lang='lat' dir='ltr'><em>K</em></span> <span class='ocrx_word' id='word_1_266' title='bbox 979 3506 1040 3568; x_wconf 81' lang='lat'><strong>266</strong></span> <span class='ocrx_word' id='word_1_267' title='bbox 1067 3491 1150 3563; x_wconf 80' lang='grc' dir='ltr'><strong>ελοὶν</strong></span> <span class='ocrx_word' id='word_1_268' title='bbox 1171 3488 1210 3562; x_wconf 73' lang='grc' dir='ltr'><strong>οἳ</strong></span> <span class='ocrx_word' id='word_1_269' title='bbox 1227 3495 1386 3588; x_wconf 79' lang='grc' dir='ltr'><em>ψιλούσιν</em></span> 
     </span>
     <span class='ocr_line' id='line_1_31' title="bbox 214 3597 1386 3694; baseline 0.001 -28"><span class='ocrx_word' id='word_1_270' title='bbox 214 3597 458 3688; x_wconf 59' lang='lat' dir='ltr'><strong>(masma-6</strong></span> <span class='ocrx_word' id='word_1_271' title='bbox 486 3602 523 3670; x_wconf 79' lang='grc' dir='ltr'><strong>δὲ</strong></span> <span class='ocrx_word' id='word_1_272' title='bbox 543 3597 787 3692; x_wconf 81' lang='grc' dir='ltr'><em>Ἀσκαλωνίτης</em></span> <span class='ocrx_word' id='word_1_273' title='bbox 806 3604 888 3694; x_wconf 79' lang='grc' dir='ltr'><em>φησί</em></span> <span class='ocrx_word' id='word_1_274' title='bbox 909 3602 1126 3673; x_wconf 69' lang='grc' dir='ltr'><em>δασύνεσθαι.</em></span> <span class='ocrx_word' id='word_1_275' title='bbox 1160 3599 1234 3669; x_wconf 72' lang='grc' dir='ltr'><em>ἐστι</em></span> <span class='ocrx_word' id='word_1_276' title='bbox 1255 3600 1296 3668; x_wconf 83' lang='grc' dir='ltr'><strong>δέ</strong></span> <span class='ocrx_word' id='word_1_277' title='bbox 1315 3625 1386 3669; x_wconf 84' lang='grc' dir='ltr'><em>τινα</em></span> 
     </span>
     <span class='ocr_line' id='line_1_32' title="bbox 214 3702 1386 3804; baseline 0.003 -29"><span class='ocrx_word' id='word_1_278' title='bbox 214 3702 238 3774; x_wconf 75' lang='lat' dir='ltr'><strong>d</strong></span> <span class='ocrx_word' id='word_1_279' title='bbox 272 3705 428 3800; x_wconf 76' lang='grc' dir='ltr'><em>ἱστορία</em></span> <span class='ocrx_word' id='word_1_280' title='bbox 462 3716 607 3804; x_wconf 77' lang='grc' dir='ltr'><em>τοπικῇ</em></span> <span class='ocrx_word' id='word_1_281' title='bbox 644 3710 824 3794; x_wconf 79' lang='grc' dir='ltr'><em>κατέχεται.</em></span> <span class='ocrx_word' id='word_1_282' title='bbox 869 3709 973 3793; x_wconf 77' lang='grc' dir='ltr'><em>οὕτως</em></span> <span class='ocrx_word' id='word_1_283' title='bbox 1008 3705 1065 3780; x_wconf 88' lang='grc' dir='ltr'><strong>σύν</strong></span> <span class='ocrx_word' id='word_1_284' title='bbox 1090 3710 1148 3778; x_wconf 84' lang='grc' dir='ltr'><strong>καί</strong></span> <span class='ocrx_word' id='word_1_285' title='bbox 1170 3709 1229 3778; x_wconf 77' lang='grc' dir='ltr'><strong>ἐπὶ</strong></span> <span class='ocrx_word' id='word_1_286' title='bbox 1256 3705 1386 3778; x_wconf 86' lang='grc' dir='ltr'><em>τούτου·</em></span> 
     </span>
     <span class='ocr_line' id='line_1_33' title="bbox 131 3810 1385 3909; baseline 0.001 -26"><span class='ocrx_word' id='word_1_287' title='bbox 131 3813 381 3905; x_wconf 66' lang='grc' dir='ltr'><em>(λῖθγίστορούσι</em></span> <span class='ocrx_word' id='word_1_288' title='bbox 405 3817 467 3907; x_wconf 84' lang='grc' dir='ltr'><strong>γὰρ</strong></span> <span class='ocrx_word' id='word_1_289' title='bbox 489 3816 592 3899; x_wconf 82' lang='grc' dir='ltr'><em>ούτως</em></span> <span class='ocrx_word' id='word_1_290' title='bbox 613 3817 741 3899; x_wconf 78' lang='grc' dir='ltr'><em>δασέως</em></span> <span class='ocrx_word' id='word_1_291' title='bbox 760 3820 820 3909; x_wconf 81' lang='grc' dir='ltr'><strong>τὴν</strong></span> <span class='ocrx_word' id='word_1_292' title='bbox 841 3815 943 3887; x_wconf 88' lang='grc' dir='ltr'><em>πόλιν</em></span> <span class='ocrx_word' id='word_1_293' title='bbox 965 3819 1136 3907; x_wconf 76' lang='grc' dir='ltr'><em>λέγεσθαι.</em></span> <span class='ocrx_word' id='word_1_294' title='bbox 1178 3822 1253 3897; x_wconf 81' lang='grc' dir='ltr'><em>πῶς</em></span> <span class='ocrx_word' id='word_1_295' title='bbox 1274 3810 1385 3886; x_wconf 66' lang='lat' dir='ltr'><strong>adab</strong></span> 
     </span>
    </p>
   </div>
   <div class='ocr_carea' id='block_1_3' title="bbox 212 4036 1384 4454">
    <p class='ocr_par' dir='ltr' id='par_1_3' title="bbox 212 4036 1384 4283">
     <span class='ocr_line' id='line_1_34' title="bbox 280 4036 1383 4116; baseline 0.001 -17"><span class='ocrx_word' id='word_1_296' title='bbox 280 4044 336 4088; x_wconf 73' lang='lat'><strong>1⁶⁹·</strong></span> <span class='ocrx_word' id='word_1_297' title='bbox 354 4045 434 4116; x_wconf 71' lang='lat' dir='ltr'><strong>(Occi.</strong></span> <span class='ocrx_word' id='word_1_298' title='bbox 451 4042 653 4101; x_wconf 86' lang='lat' dir='ltr'><strong>Laurentianus</strong></span> <span class='ocrx_word' id='word_1_299' title='bbox 670 4045 768 4102; x_wconf 88' lang='lat' dir='ltr'><strong>habet:</strong></span> <span class='ocrx_word' id='word_1_300' title='bbox 787 4046 932 4111; x_wconf 83' lang='grc' dir='ltr'><em>Πλεῖστος</em></span> <span class='ocrx_word' id='word_1_301' title='bbox 949 4044 982 4102; x_wconf 73' lang='lat' dir='ltr'><strong>ct</strong></span> <span class='ocrx_word' id='word_1_302' title='bbox 999 4036 1142 4115; x_wconf 86' lang='grc' dir='ltr'><em>ποταμός.</em></span> <span class='ocrx_word' id='word_1_303' title='bbox 1172 4042 1253 4110; x_wconf 71' lang='grc' dir='ltr'><em>τινὲς</em></span> <span class='ocrx_word' id='word_1_304' title='bbox 1268 4042 1305 4102; x_wconf 77' lang='lat' dir='ltr'><strong>dt</strong></span> <span class='ocrx_word' id='word_1_305' title='bbox 1319 4044 1383 4100; x_wconf 71' lang='lat' dir='ltr'><strong>dra·</strong></span> 
     </span>
     <span class='ocr_line' id='line_1_35' title="bbox 212 4126 1384 4202; baseline -0.003 -16"><span class='ocrx_word' id='word_1_306' title='bbox 212 4127 393 4202; x_wconf 87' lang='grc' dir='ltr'><em>γιναίοκουσι</em></span> <span class='ocrx_word' id='word_1_307' title='bbox 406 4129 564 4185; x_wconf 84' lang='grc' dir='ltr'><em>Πλεισταῖο</em></span> <span class='ocrx_word' id='word_1_308' title='bbox 582 4129 824 4200; x_wconf 79' lang='grc' dir='ltr'><em>περισπωμένως,</em></span> <span class='ocrx_word' id='word_1_309' title='bbox 841 4127 907 4187; x_wconf 74' lang='grc' dir='ltr'><strong>ἐπεὶ</strong></span> <span class='ocrx_word' id='word_1_310' title='bbox 918 4133 969 4187; x_wconf 78' lang='grc' dir='ltr'><strong>καὶ</strong></span> <span class='ocrx_word' id='word_1_311' title='bbox 985 4126 1042 4187; x_wconf 80' lang='grc' dir='ltr'><strong>ὑπὸ</strong></span> <span class='ocrx_word' id='word_1_312' title='bbox 1059 4132 1120 4186; x_wconf 82' lang='grc' dir='ltr'><strong>τῶν</strong></span> <span class='ocrx_word' id='word_1_313' title='bbox 1136 4127 1291 4201; x_wconf 73' lang='grc' dir='ltr'><em>ἐγχωρίων</em></span> <span class='ocrx_word' id='word_1_314' title='bbox 1307 4126 1384 4200; x_wconf 80' lang='grc' dir='ltr'><em>λλγε·</em></span> 
     </span>
     <span class='ocr_line' id='line_1_36' title="bbox 213 4201 610 4283; baseline -0.003 -13"><span class='ocrx_word' id='word_1_315' title='bbox 213 4232 261 4270; x_wconf 88' lang='grc' dir='ltr'><strong>ται</strong></span> <span class='ocrx_word' id='word_1_316' title='bbox 277 4209 421 4278; x_wconf 83' lang='grc' dir='ltr'><em>Πλειστός</em></span> <span class='ocrx_word' id='word_1_317' title='bbox 438 4201 479 4277; x_wconf 83' lang='grc' dir='ltr'><em>ιός</em></span> <span class='ocrx_word' id='word_1_318' title='bbox 496 4208 610 4283; x_wconf 66' lang='lat' dir='ltr'><strong>sealde.)</strong></span> 
     </span>
    </p>

    <p class='ocr_par' dir='ltr' id='par_1_4' title="bbox 214 4286 1384 4454">
     <span class='ocr_line' id='line_1_37' title="bbox 281 4286 1384 4372; baseline 0.002 -20"><span class='ocrx_word' id='word_1_319' title='bbox 281 4301 337 4343; x_wconf 74' lang='lat'><strong>1⁶⁹¹&gt;</strong></span> <span class='ocrx_word' id='word_1_320' title='bbox 354 4297 461 4370; x_wconf 81' lang='lat' dir='ltr'><strong>&lt;Verba</strong></span> <span class='ocrx_word' id='word_1_321' title='bbox 484 4286 524 4364; x_wconf 73' lang='lat' dir='ltr'><strong>cic</strong></span> <span class='ocrx_word' id='word_1_322' title='bbox 543 4289 666 4372; x_wconf 75' lang='grc' dir='ltr'><em>Ἄντροίν</em></span> <span class='ocrx_word' id='word_1_323' title='bbox 686 4299 841 4356; x_wconf 86' lang='lat' dir='ltr'><strong>Lobeckins</strong></span> <span class='ocrx_word' id='word_1_324' title='bbox 864 4300 969 4371; x_wconf 79' lang='lat' dir='ltr'><strong>proleg.</strong></span> <span class='ocrx_word' id='word_1_325' title='bbox 987 4298 1091 4371; x_wconf 76' lang='lat' dir='ltr'><strong>pathcl.</strong></span> <span class='ocrx_word' id='word_1_326' title='bbox 1109 4316 1134 4369; x_wconf 87' lang='lat' dir='ltr'><strong>p.</strong></span> <span class='ocrx_word' id='word_1_327' title='bbox 1153 4300 1268 4369; x_wconf 74' lang='lat' dir='ltr'><strong>etpost</strong></span> <span class='ocrx_word' id='word_1_328' title='bbox 1285 4298 1384 4354; x_wconf 83' lang='grc' dir='ltr'><em>Πικεν·</em></span> 
     </span>
     <span class='ocr_line' id='line_1_38' title="bbox 214 4380 513 4454; baseline -0.003 -15"><span class='ocrx_word' id='word_1_329' title='bbox 214 4380 303 4440; x_wconf 85' lang='grc' dir='ltr'><em>τίνων</em></span> <span class='ocrx_word' id='word_1_330' title='bbox 318 4382 513 4454; x_wconf 84' lang='lat' dir='ltr'><strong>transposuit.)</strong></span> 
     </span>
    </p>
   </div>
   <div class='ocr_carea' id='block_1_4' title="bbox 0 0 1509 4980">
    <p class='ocr_par' dir='ltr' id='par_1_5' title="bbox 0 0 1509 4980">
     <span class='ocr_line' id='line_1_39' title="bbox 0 0 1509 4980; baseline 0 0"><span class='ocrx_word' id='word_1_331' title='bbox 0 0 1509 4980; x_wconf 95' lang='lat' dir='ltr'><strong> </strong></span> 
     </span>
    </p>
   </div>
  </div>
 </body>
</html>
