3008 4980
413 348 437 403 1.
461 343 611 400 Aristonici
627 343 699 401 liber
715 342 750 400 de
767 343 841 402 notis
859 344 1019 402 Aristarchi.
1285 350 1304 414 3

137 510 291 577 Orionem
311 532 379 577 non
392 513 489 578 modo
501 504 723 596 Ἀριστόνικος
736 508 772 578 ἐν
784 515 833 599 τῷ
847 511 924 599 περὶ
938 507 1079 601 σημείων
1092 514 1149 577 τοῦ
1161 505 1304 599 Ὁμήρου

137 619 261 699 citetur,
282 641 314 703 p.
335 625 384 699 94,
407 627 454 700 17,
481 621 658 687 sedetiam
680 613 907 708 Ἀριστόνικος
934 617 970 688 ἒν
995 623 1042 708 τηῦ
1063 617 1141 716 περὶ
1161 615 1306 709 σημείων

134 717 338 812 Ὀδυσσείας,
358 750 389 813 p.
412 735 462 807 94,
483 735 533 797 20.
1351 730 1354 735 ’

219 947 290 1025 §2
331 941 400 1008 Iam
428 945 468 1009 nd
495 944 637 1010 indolem
668 947 900 1031 consiliumque
935 946 1031 1010 huius
1061 944 1137 1009 libri
1166 966 1327 1032 pergens·

136 1049 265 1115 initium
283 1050 398 1116 faciam
417 1051 458 1117 ab
477 1052 519 1118 iis
545 1052 735 1138 colligendis
756 1053 910 1137 reliqniis,
932 1074 1011 1137 ques
1034 1055 1123 1118 extra
1143 1051 1306 1118 Venetum

137 1157 280 1224 codicem
302 1161 441 1227 servatos
462 1157 629 1226 habemus.
663 1159 764 1226 Orion
778 1183 807 1245 p.
827 1167 896 1241 119,
910 1163 951 1229 26
970 1152 1040 1245 ἀπή
1047 1182 1059 1224 .·
1079 1151 1185 1236 τόπος
1197 1170 1308 1247 τετρη-

136 1259 244 1347 μένος,
258 1257 318 1351 ἀφ’
336 1253 376 1330 οὗ
389 1288 441 1343 τις
455 1263 592 1331 δόναται
605 1259 807 1354 ἀπήσασδαι
821 1264 879 1333 καί
891 1263 1189 1355 περιβλέψασδαι.
1204 1261 1309 1343 οῦτως

134 1364 361 1454 Ἀριστόνικος
380 1369 417 1440 ἐν
436 1375 506 1452 τοῖς
526 1369 675 1460 σημείοις
693 1378 753 1442 τοῦ
774 1379 925 1463 ποιητοῦ.
967 1375 1113 1442 Pertinet
1137 1375 1200 1441 hoc
1220 1374 1309 1440 haud

126 1482 235 1547 dubie
257 1481 298 1546 ad
320 1503 341 1545 α
363 1488 423 1551 329
445 1474 627 1567 (ἀνόπαια).
660 1481 751 1550 Idem
771 1507 801 1569 p.
824 1491 877 1565 94,
901 1489 938 1552 18
960 1477 1079 1568 λάρυξε
1105 1475 1229 1564 ὁμοίως
1250 1478 1308 1546 διὰ
1442 1467 1446 1474 ’

135 1585 199 1672 γὰρ
221 1582 361 1667 τούτων,
393 1592 453 1654 τοῦ
482 1588 608 1672 λαιμοῦ
631 1588 688 1656 καί
705 1588 885 1676 λάρυγγος,
909 1587 966 1678 την
987 1582 1174 1656 ἀπόλαυσιν
1192 1583 1310 1670 diruptas

136 1699 202 1760 τῶν
222 1699 363 1785 τροφῶν.
387 1693 490 1774 οὕτως
500 1689 728 1783 Ἀριστόνικος
748 1694 783 1764 ἐν
802 1705 848 1786 τῷ
861 1695 939 1783 περὶ
952 1691 1096 1783 σημείων
1107 1690 1323 1774 Ὀδυσσείας..

138 1803 279 1890 Contigit
292 1804 481 1871 Larcherus:
503 1798 627 1890 λάρυγξ
645 1804 702 1872 καί
722 1802 853 1895 φάρυγξ
869 1799 1007 1873 ταύτόν·
1029 1799 1153 1888 ὁμοίως
1168 1802 1231 1891 γάρ
1250 1803 1308 1870 διὰ

137 1909 260 1976 τούτων
280 1950 329 1978 -.
371 1912 504 1978 Poterat
528 1914 653 1982 facilius
674 1909 779 1997 λάρυξ
798 1908 926 1997 ὁμοίως
947 1906 1072 2003 φάρυξ·
1095 1911 1152 1981 διὰ
1173 1911 1236 1998 γὰρ
1260 1950 1309 1996 -,

137 2041 167 2084 v.
187 2018 326 2086 Irobeclr.
353 2018 516 2106 Aglaoph.
538 2021 554 2086 1
574 2045 605 2107 p.
628 2028 698 2091 779.
726 2021 792 2090 Sed
813 2026 964 2089 nentrum
983 2043 1104 2088 verum.
1127 2021 1178 2087 Tu
1192 2012 1309 2087 scribe:

139 2119 243 2211 λάρυξ
262 2118 280 2193 ὁ
304 2123 440 2210 λοιμός·
461 2126 519 2194 διὰ
541 2126 602 2214 γάρ
624 2166 666 2178 -
686 2134 720 2197 et
740 2130 820 2196 haec
840 2131 1009 2215 desumpta
1023 2150 1092 2196 esse
1106 2133 1185 2214 puta
1199 2151 1239 2196 ex
1253 2151 1311 2195 an-

137 2235 305 2301 notatione
327 2235 368 2301 ad
389 2234 503 2321 Odyss.
523 2259 543 2299 τ
563 2243 625 2306 229

276 2338 311 2407 έν
331 2339 526 2472 προτέροισι
545 2338 745 2412 πόδεσσι’
707 2368 792 2412 κυων
812 2339 865 2470 ἀγα
885 2338 1043 2412 ποικίλον
1064 2337 1169 2427 ἐλλόν,

210 2436 215 2443 ’
275 2443 484 2535 ἀσπαίροντα
506 2446 666 2520 λάων-η

140 2559 212 2638 Quo
241 2558 314 2625 loco
339 2559 442 2625 Eusta
408 2559 543 2627 tthius:
571 2559 609 2626 τὸ
638 2557 675 2627 δὲ
706 2556 797 2626 λάων
822 2553 1034 2646 Ἀρίσταρχος
1064 2556 1125 2641 μέν
1150 2552 1224 2624 ἀντί
1249 2560 1309 2625 τοῦ

137 2660 375 2746 ἀπολαάωυ,’
354 2661 414 2756 αφ’
432 2656 471 2733 οὗ
486 2692 541 2734 και
532 2665 685 2752 λαιμὸς
705 2693 762 2735 και
753 2662 942 2735 λαυκανία
954 2693 1013 2747 -,·
1035 2670 1163 2753 poterat
1184 2668 1309 2748 addere,

138 2776 226 2861 quod
243 2776 330 2861 apud
343 2776 563 2843 Aristonicum
582 2778 728 2843 additum
741 2778 840 2845 titisse
859 2775 1082 2902 intelligimus,
1103 2771 1161 2839 καί
1177 2768 1308 2861 λάρυγξ.

138 2922 178 2930 -
201 2884 353 2969 Orionp
376 2889 424 2963 94,
448 2890 486 2951 16
506 2882 620 2965 λίχνος
640 2888 671 2970 (τ
686 2888 755 2967 34).·
777 2876 960 2951 δλῦων
927 2907 965 2950 το
988 2875 1083 2963 νίχος
1101 2876 1248 2947 τουτέστι
1270 2880 1308 2947 τὸ

138 2986 268 3068 σκότος.
288 3012 394 3068 ουτως
403 2983 631 3076 Αριστονικος
651 2987 687 3056 έν
706 3014 753 3077 την
775 2989 852 3101 περὶ
868 2985 1013 3078 σημείων
1026 2991 1086 3056 τοῦ
1096 2981 1253 3078 Ὁμήρου.
1268 2997 1358 3066 -(4)

138 3096 279 3184 Idemp
297 3104 345 3178 43,
370 3106 407 3167 12
429 3097 555 3177 δειλός·
577 3091 739 3176 όδεδιδς
759 3097 820 3176 τὰς
838 3102 937 3181 μυίας
955 3094 1053 3182 (recte
1074 3097 1250 3162 Larcherus
1273 3119 1311 3162 ex

139 3205 230 3273 Eust.
249 3229 279 3291 p
295 3212 364 3285 855,
385 3211 425 3299 48
446 3208 580 3294 corrigit
600 3199 697 3291 ίλας).
723 3203 828 3284 οῦτὼς
845 3199 1142 3291 Ἀριστόνικος-
1100 3203 1250 3282 -Quae
1273 3226 1312 3270 ex

141 3312 260 3379 Orione
290 3294 456 3380 attulimus
486 3309 570 3380 de'
553 3313 622 3401 σπη’
651 3312 836 3403 ε1λόχνος,
862 3313 1142 3381 iisdemverbis
1132 3336 1167 3377 1n
1192 3313 1312 3378 librum

141 3442 235 3485 suum
260 3422 462 3488 transtulisse
488 3423 668 3489 invenimus
689 3423 923 3510 Etymologum
943 3445 975 3507 p.
998 3427 1072 3501 627,
1095 3429 1144 3489 49.
1167 3427 1241 3501 572,
1262 3426 1311 3489 29.

140 3527 230 3593 Haec
252 3549 391 3612 quoque,
414 3551 497 3613 quae
519 3553 604 3596 nunc
626 3533 713 3598 solus
727 3532 835 3613 habet,
857 3553 896 3596 ex
911 3529 1024 3595 eodem
1039 3527 1129 3594 fonte
1145 3528 1312 3607 derivasse,

60 3688 63 3693 .
141 3636 272 3701 minime
295 3636 436 3702 dubium.
458 3660 489 3722 p.
511 3643 581 3718 377,
597 3644 637 3706 37
659 3633 772 3724 ἕρσαι·
795 3632 830 3702 αἱ
852 3633 887 3702 έν
908 3635 979 3721 ίαρι
1001 3637 1213 3723 γεννηθεῖσαι
1234 3628 1256 3723 ἢ
1277 3629 1312 3699 ci

141 3735 273 3809 άπαλαί
293 3741 350 3809 καί
370 3739 491 3821 τελέως
512 3740 599 3824 νέαι,
622 3750 868 3835 μεταφορικῶς,
893 3737 938 3822 ιδς
955 3736 1181 3827 Ἀριστόνικος
1202 3738 1237 3807 ἐν
1254 3763 1312 3830 ση-

141 3845 260 3934 μείοις.
280 3874 312 3938 p.
332 3858 382 3931 41,
403 3856 443 3919 36
465 3843 620 3938 ἀΐδηλοςε
642 3842 715 3920 οἷον
736 3856 871 3934 ,,κεῖυος
891 3845 923 3917 δ’
947 3841 1016 3916 αὖτ’
1041 3845 1180 3939 ἀίδηλος
1201 3842 1312 3938 ἀνήρ’(

142 3961 174 4045 (χ
190 3963 272 4044 165),
289 3952 308 4025 δ
325 3951 575 4044 ἀλοδρευτικός·
597 3953 635 4026 od
652 3958 714 4048 γάρ
729 3953 822 4040 άξιος
832 3953 1059 4045 Ἀριστόνικος
1073 3958 1194 4046 δηλοῦν
1208 3954 1313 4043 λέγων

142 4065 200 4135 τὸν
220 4060 440 4154 ἀδηλοποιόυ.
486 4068 546 4134 His
573 4069 719 4135 addimus
746 4068 964 4155 fragmentum
990 4090 1029 4135 ex
1053 4067 1137 4133 libro
1165 4067 1204 4132 de
1226 4067 1313 4132 notis

143 4157 322 4241 Hesiodeis.
343 4176 443 4242 Orion
457 4199 488 4262 p.
507 4183 556 4258 96,
570 4184 610 4245 27
626 4177 676 4260 (cf.
688 4177 742 4246 Et.
752 4185 821 4257 555,
834 4179 886 4260 38)
901 4170 1048 4254 λακίδες·
1063 4171 1121 4240 έπί
1135 4167 1314 4256 σχίσματος

143 4276 285 4366 ἱματίου.
314 4281 406 4369 παρὰ
432 4282 470 4350 τδ
500 4282 613 4349 λακεῖν
639 4283 697 4349 καί
720 4277 826 4369 ἠρέμα
853 4285 980 4373 ψοφεῖν
1001 4279 1037 4348 έν
1055 4284 1104 4369 τῷ
1126 4276 1345 4363 σχίζεσθαι4

144 4386 248 4468 cicccc
257 4384 470 4479 Ἀρίσταρχος
484 4387 519 4458 έν
532 4394 602 4471 τοῖς
616 4387 766 4480 σημείοις
776 4387 948 4462 Ἡσιόδου.
975 4391 1062 4478 Lege
1077 4383 1312 4475 Ἀριστόνικος.

1069 4490 1104 4543 l*
