<?xml version="1.0" encoding="UTF-8"?>
<!DOCTYPE html PUBLIC "-//W3C//DTD XHTML 1.0 Transitional//EN"
    "http://www.w3.org/TR/xhtml1/DTD/xhtml1-transitional.dtd">
<html xmlns="http://www.w3.org/1999/xhtml" xml:lang="en" lang="en">
 <head>
  <title>
</title>
<meta http-equiv="Content-Type" content="text/html;charset=utf-8" />
  <meta name='ocr-system' content='tesseract 3.04.00' />
  <meta name='ocr-capabilities' content='ocr_page ocr_carea ocr_par ocr_line ocrx_word'/>
</head>
<body>
  <div class='ocr_page' id='page_1' title='image "./dearistarchistu01lehrgoog/dearistarchistu01lehrgoog_0137.png"; bbox 0 0 3008 4980; ppageno 0'>
   <div class='ocr_carea' id='block_1_1' title="bbox 222 287 1305 386">
    <p class='ocr_par' dir='ltr' id='par_1_1' title="bbox 222 287 1305 386">
     <span class='ocr_line' id='line_1_1' title="bbox 222 287 1305 386; baseline 0.005 -20"><span class='ocrx_word' id='word_1_1' title='bbox 222 317 280 380; x_wconf 82' lang='lat'><strong><em>122</em></strong></span> <span class='ocrx_word' id='word_1_2' title='bbox 306 312 339 366; x_wconf 89' lang='grc' dir='ltr'><strong><em>Π.</em></strong></span> <span class='ocrx_word' id='word_1_3' title='bbox 368 311 410 368; x_wconf 88' lang='grc' dir='ltr'><strong><em>Ι)ε</em></strong></span> <span class='ocrx_word' id='word_1_4' title='bbox 428 312 606 368; x_wconf 81' lang='lat' dir='ltr'>Arist-arohea</span> <span class='ocrx_word' id='word_1_5' title='bbox 622 315 820 371; x_wconf 84' lang='lat' dir='ltr'>vocabulorum</span> <span class='ocrx_word' id='word_1_6' title='bbox 836 287 1045 371; x_wconf 84' lang='lat' dir='ltr'>Homerioorum</span> <span class='ocrx_word' id='word_1_7' title='bbox 1057 315 1305 386; x_wconf 84' lang='lat' dir='ltr'>interpretatione.</span> 
     </span>
    </p>
   </div>
   <div class='ocr_carea' id='block_1_2' title="bbox 94 473 1392 3718">
    <p class='ocr_par' dir='ltr' id='par_1_2' title="bbox 218 473 1392 1105">
     <span class='ocr_line' id='line_1_2' title="bbox 219 473 1392 570; baseline 0.004 -28"><span class='ocrx_word' id='word_1_8' title='bbox 219 473 349 557; x_wconf 83' lang='grc' dir='ltr'><strong><em>σύνεχον</em></strong></span> <span class='ocrx_word' id='word_1_9' title='bbox 364 477 422 545; x_wconf 91' lang='grc' dir='ltr'><strong><em>καί</em></strong></span> <span class='ocrx_word' id='word_1_10' title='bbox 436 474 578 558; x_wconf 79' lang='grc' dir='ltr'><strong><em>διπλόος</em></strong></span> <span class='ocrx_word' id='word_1_11' title='bbox 591 475 705 567; x_wconf 71' lang='grc' dir='ltr'><strong><em>ἤντετο</em></strong></span> <span class='ocrx_word' id='word_1_12' title='bbox 722 475 854 570; x_wconf 73' lang='grc' dir='ltr'><strong><em>θώρηξε</em></strong></span> <span class='ocrx_word' id='word_1_13' title='bbox 876 477 907 570; x_wconf 74' lang='grc' dir='ltr'><strong><em>(ἡ</em></strong></span> <span class='ocrx_word' id='word_1_14' title='bbox 926 483 1040 570; x_wconf 76' lang='grc' dir='ltr'><strong><em>διπλῆ)</em></strong></span> <span class='ocrx_word' id='word_1_15' title='bbox 1064 479 1115 547; x_wconf 78' lang='grc' dir='ltr'><strong><em>ὅτι</em></strong></span> <span class='ocrx_word' id='word_1_16' title='bbox 1130 476 1210 546; x_wconf 88' lang='grc' dir='ltr'><strong><em>καθ’</em></strong></span> <span class='ocrx_word' id='word_1_17' title='bbox 1229 473 1269 547; x_wconf 78' lang='grc' dir='ltr'><strong><em>ὃν</em></strong></span> <span class='ocrx_word' id='word_1_18' title='bbox 1285 476 1392 549; x_wconf 87' lang='grc' dir='ltr'><strong><em>τόπον</em></strong></span> 
     </span>
     <span class='ocr_line' id='line_1_3' title="bbox 220 579 1392 676; baseline 0.003 -25"><span class='ocrx_word' id='word_1_19' title='bbox 220 579 411 665; x_wconf 76' lang='grc' dir='ltr'><strong><em>ἐζώννυντο,</em></strong></span> <span class='ocrx_word' id='word_1_20' title='bbox 442 587 584 666; x_wconf 79' lang='grc' dir='ltr'><strong><em>διπλοῦς</em></strong></span> <span class='ocrx_word' id='word_1_21' title='bbox 603 580 645 675; x_wconf 76' lang='grc' dir='ltr'><strong><em>ἦν</em></strong></span> <span class='ocrx_word' id='word_1_22' title='bbox 669 583 687 656; x_wconf 83' lang='grc' dir='ltr'>ὁ</span> <span class='ocrx_word' id='word_1_23' title='bbox 709 584 842 674; x_wconf 84' lang='grc' dir='ltr'><strong><em>θώραξ,</em></strong></span> <span class='ocrx_word' id='word_1_24' title='bbox 869 589 959 656; x_wconf 85' lang='grc' dir='ltr'><strong><em>καθὸ</em></strong></span> <span class='ocrx_word' id='word_1_25' title='bbox 983 587 1193 676; x_wconf 78' lang='grc' dir='ltr'><strong><em>ὑποβέβλητο</em></strong></span> <span class='ocrx_word' id='word_1_26' title='bbox 1214 592 1264 676; x_wconf 77' lang='grc' dir='ltr'><strong><em>τῷ</em></strong></span> <span class='ocrx_word' id='word_1_27' title='bbox 1283 593 1392 676; x_wconf 74' lang='grc' dir='ltr'><strong><em>ατατηῖ</em></strong></span> 
     </span>
     <span class='ocr_line' id='line_1_4' title="bbox 221 686 1392 784; baseline 0.006 -27"><span class='ocrx_word' id='word_1_28' title='bbox 221 686 357 778; x_wconf 93' lang='grc' dir='ltr'><strong><em>θώρακι</em></strong></span> <span class='ocrx_word' id='word_1_29' title='bbox 377 693 415 760; x_wconf 86' lang='grc' dir='ltr'><strong><em>τὸ</em></strong></span> <span class='ocrx_word' id='word_1_30' title='bbox 439 691 616 781; x_wconf 88' lang='grc' dir='ltr'><strong><em>λεγόμενον</em></strong></span> <span class='ocrx_word' id='word_1_31' title='bbox 639 697 747 780; x_wconf 81' lang='grc' dir='ltr'><strong><em>ζῶμα,</em></strong></span> <span class='ocrx_word' id='word_1_32' title='bbox 771 700 927 784; x_wconf 74' lang='grc' dir='ltr'><strong><em>καθῆκον</em></strong></span> <span class='ocrx_word' id='word_1_33' title='bbox 946 694 1043 780; x_wconf 88' lang='grc' dir='ltr'><strong><em>μέχρι</em></strong></span> <span class='ocrx_word' id='word_1_34' title='bbox 1063 701 1128 762; x_wconf 86' lang='grc' dir='ltr'><strong><em>τών</em></strong></span> <span class='ocrx_word' id='word_1_35' title='bbox 1148 689 1301 781; x_wconf 75' lang='grc' dir='ltr'><strong><em>γονάτων</em></strong></span> <span class='ocrx_word' id='word_1_36' title='bbox 1321 689 1392 764; x_wconf 76' lang='grc' dir='ltr'><strong><em>άπὸ</em></strong></span> 
     </span>
     <span class='ocr_line' id='line_1_5' title="bbox 218 797 1391 891; baseline 0.003 -27"><span class='ocrx_word' id='word_1_37' title='bbox 218 804 283 865; x_wconf 81' lang='grc' dir='ltr'><strong><em>τῶν</em></strong></span> <span class='ocrx_word' id='word_1_38' title='bbox 311 797 468 887; x_wconf 90' lang='grc' dir='ltr'><strong><em>λαγόνων.</em></strong></span> <span class='ocrx_word' id='word_1_39' title='bbox 515 810 544 868; x_wconf 91' lang='lat' dir='ltr'><em>Y</em></span> <span class='ocrx_word' id='word_1_40' title='bbox 562 814 636 886; x_wconf 80' lang='lat'>415,</span> <span class='ocrx_word' id='word_1_41' title='bbox 664 807 721 871; x_wconf 91' lang='lat' dir='ltr'><strong><em>ubi</em></strong></span> <span class='ocrx_word' id='word_1_42' title='bbox 746 807 844 872; x_wconf 88' lang='lat' dir='ltr'>iidem</span> <span class='ocrx_word' id='word_1_43' title='bbox 868 827 991 871; x_wconf 82' lang='lat' dir='ltr'>versus:</span> <span class='ocrx_word' id='word_1_44' title='bbox 1026 799 1057 891; x_wconf 79' lang='grc' dir='ltr'><strong><em>(ἡ</em></strong></span> <span class='ocrx_word' id='word_1_45' title='bbox 1083 805 1202 891; x_wconf 77' lang='grc' dir='ltr'><strong><em>διπλῇ)</em></strong></span> <span class='ocrx_word' id='word_1_46' title='bbox 1229 800 1284 871; x_wconf 84' lang='grc' dir='ltr'><strong><em>ὅτι</em></strong></span> <span class='ocrx_word' id='word_1_47' title='bbox 1306 802 1391 868; x_wconf 88' lang='grc' dir='ltr'><strong><em>κατὰ</em></strong></span> 
     </span>
     <span class='ocr_line' id='line_1_6' title="bbox 218 905 1390 997; baseline 0.006 -26"><span class='ocrx_word' id='word_1_48' title='bbox 218 906 278 994; x_wconf 81' lang='grc' dir='ltr'><strong><em>τὴν</em></strong></span> <span class='ocrx_word' id='word_1_49' title='bbox 297 914 358 974; x_wconf 81' lang='grc' dir='ltr'><strong><em>τοῦ</em></strong></span> <span class='ocrx_word' id='word_1_50' title='bbox 380 906 530 995; x_wconf 89' lang='grc' dir='ltr'><strong><em>ζώματος</em></strong></span> <span class='ocrx_word' id='word_1_51' title='bbox 550 908 713 997; x_wconf 78' lang='grc' dir='ltr'><strong><em>ἐπιβολὴν</em></strong></span> <span class='ocrx_word' id='word_1_52' title='bbox 735 909 820 997; x_wconf 87' lang='grc' dir='ltr'><strong><em>πρὸς</em></strong></span> <span class='ocrx_word' id='word_1_53' title='bbox 840 911 895 979; x_wconf 82' lang='grc' dir='ltr'><strong><em>τὸν</em></strong></span> <span class='ocrx_word' id='word_1_54' title='bbox 917 910 1037 980; x_wconf 89' lang='grc' dir='ltr'><strong><em>στατδν</em></strong></span> <span class='ocrx_word' id='word_1_55' title='bbox 1058 905 1201 996; x_wconf 89' lang='grc' dir='ltr'><strong><em>θώρακα</em></strong></span> <span class='ocrx_word' id='word_1_56' title='bbox 1222 909 1282 978; x_wconf 88' lang='grc' dir='ltr'><strong><em>καί</em></strong></span> <span class='ocrx_word' id='word_1_57' title='bbox 1303 913 1390 996; x_wconf 87' lang='lat' dir='ltr'>(del.)</span> 
     </span>
     <span class='ocr_line' id='line_1_7' title="bbox 221 1009 613 1105; baseline 0.018 -26"><span class='ocrx_word' id='word_1_58' title='bbox 221 1014 362 1094; x_wconf 81' lang='grc' dir='ltr'><strong><em>διπλοῦς</em></strong></span> <span class='ocrx_word' id='word_1_59' title='bbox 381 1009 423 1104; x_wconf 69' lang='grc' dir='ltr'><strong><em>η’ν</em></strong></span> <span class='ocrx_word' id='word_1_60' title='bbox 445 1014 463 1085; x_wconf 87' lang='grc' dir='ltr'><strong><em>ὑ</em></strong></span> <span class='ocrx_word' id='word_1_61' title='bbox 486 1012 613 1105; x_wconf 83' lang='grc' dir='ltr'><strong><em>θώραξ.</em></strong></span> 
     </span>
    </p>

    <p class='ocr_par' dir='ltr' id='par_1_3' title="bbox 217 1136 1390 2093">
     <span class='ocr_line' id='line_1_8' title="bbox 300 1136 1389 1231; baseline 0.003 -26"><span class='ocrx_word' id='word_1_62' title='bbox 300 1145 332 1205; x_wconf 83' lang='grc' dir='ltr'><em>Δ</em></span> <span class='ocrx_word' id='word_1_63' title='bbox 352 1149 409 1211; x_wconf 85' lang='grc'><strong><em>187</em></strong></span> <span class='ocrx_word' id='word_1_64' title='bbox 425 1137 576 1226; x_wconf 75' lang='grc' dir='ltr'><strong><em>εἰρύσατο</em></strong></span> <span class='ocrx_word' id='word_1_65' title='bbox 599 1138 725 1231; x_wconf 79' lang='grc' dir='ltr'><strong><em>ζωστήρ</em></strong></span> <span class='ocrx_word' id='word_1_66' title='bbox 746 1167 781 1209; x_wconf 90' lang='grc' dir='ltr'><strong><em>τε</em></strong></span> <span class='ocrx_word' id='word_1_67' title='bbox 798 1138 984 1222; x_wconf 84' lang='grc' dir='ltr'><strong><em>παναίολος</em></strong></span> <span class='ocrx_word' id='word_1_68' title='bbox 1003 1137 1061 1230; x_wconf 77' lang='grc' dir='ltr'><strong><em>ηδ’</em></strong></span> <span class='ocrx_word' id='word_1_69' title='bbox 1085 1137 1273 1228; x_wconf 72' lang='grc' dir='ltr'><strong><em>ὑπένερθεν</em></strong></span> <span class='ocrx_word' id='word_1_70' title='bbox 1296 1136 1389 1227; x_wconf 80' lang='grc' dir='ltr'><strong><em>ζῶμά</em></strong></span> 
     </span>
     <span class='ocr_line' id='line_1_9' title="bbox 218 1245 1390 1338; baseline 0.003 -26"><span class='ocrx_word' id='word_1_71' title='bbox 218 1273 253 1313; x_wconf 91' lang='grc' dir='ltr'><strong><em>τε</em></strong></span> <span class='ocrx_word' id='word_1_72' title='bbox 275 1247 332 1314; x_wconf 92' lang='grc' dir='ltr'><strong><em>καί</em></strong></span> <span class='ocrx_word' id='word_1_73' title='bbox 351 1245 448 1336; x_wconf 81' lang='grc' dir='ltr'><strong><em>μίτρη</em></strong></span> <span class='ocrx_word' id='word_1_74' title='bbox 463 1277 519 1316; x_wconf 89' lang='grc'><strong><em>-.·</em></strong></span> <span class='ocrx_word' id='word_1_75' title='bbox 541 1251 572 1338; x_wconf 83' lang='grc' dir='ltr'><strong><em>(η</em></strong></span> <span class='ocrx_word' id='word_1_76' title='bbox 594 1251 712 1338; x_wconf 84' lang='grc' dir='ltr'><strong><em>διπλη)</em></strong></span> <span class='ocrx_word' id='word_1_77' title='bbox 736 1247 787 1316; x_wconf 84' lang='grc' dir='ltr'><strong><em>ὅτι</em></strong></span> <span class='ocrx_word' id='word_1_78' title='bbox 811 1255 870 1316; x_wconf 82' lang='grc' dir='ltr'><strong><em>τοῦ</em></strong></span> <span class='ocrx_word' id='word_1_79' title='bbox 893 1248 1041 1333; x_wconf 90' lang='grc' dir='ltr'><strong><em>ζώματος</em></strong></span> <span class='ocrx_word' id='word_1_80' title='bbox 1060 1249 1221 1338; x_wconf 88' lang='grc' dir='ltr'><strong><em>μνησθείς</em></strong></span> <span class='ocrx_word' id='word_1_81' title='bbox 1242 1248 1390 1334; x_wconf 88' lang='grc' dir='ltr'><strong><em>παραλέ-</em></strong></span> 
     </span>
     <span class='ocr_line' id='line_1_10' title="bbox 220 1351 1390 1445; baseline 0.004 -25"><span class='ocrx_word' id='word_1_82' title='bbox 220 1356 319 1421; x_wconf 89' lang='grc' dir='ltr'><strong><em>λοιπε</em></strong></span> <span class='ocrx_word' id='word_1_83' title='bbox 339 1355 396 1422; x_wconf 89' lang='grc' dir='ltr'><strong><em>τὸν</em></strong></span> <span class='ocrx_word' id='word_1_84' title='bbox 416 1351 568 1443; x_wconf 84' lang='grc' dir='ltr'><strong><em>θώρακα,</em></strong></span> <span class='ocrx_word' id='word_1_85' title='bbox 594 1356 677 1424; x_wconf 81' lang='grc' dir='ltr'><strong><em>ὥστε</em></strong></span> <span class='ocrx_word' id='word_1_86' title='bbox 699 1352 768 1424; x_wconf 84' lang='grc' dir='ltr'><strong><em>άπὸ</em></strong></span> <span class='ocrx_word' id='word_1_87' title='bbox 788 1355 911 1442; x_wconf 80' lang='grc' dir='ltr'><strong><em>μέρους</em></strong></span> <span class='ocrx_word' id='word_1_88' title='bbox 930 1357 968 1424; x_wconf 85' lang='grc' dir='ltr'><strong><em>τὸ</em></strong></span> <span class='ocrx_word' id='word_1_89' title='bbox 987 1356 1066 1424; x_wconf 78' lang='grc' dir='ltr'><strong><em>ὅλον</em></strong></span> <span class='ocrx_word' id='word_1_90' title='bbox 1088 1359 1307 1445; x_wconf 83' lang='grc' dir='ltr'><strong><em>δεδηλῶσθαι</em></strong></span> <span class='ocrx_word' id='word_1_91' title='bbox 1330 1363 1390 1442; x_wconf 91' lang='lat' dir='ltr'>(re-</span> 
     </span>
     <span class='ocr_line' id='line_1_11' title="bbox 217 1465 1389 1553; baseline 0.007 -25"><span class='ocrx_word' id='word_1_92' title='bbox 217 1465 307 1550; x_wconf 90' lang='lat' dir='ltr'>liqua</span> <span class='ocrx_word' id='word_1_93' title='bbox 334 1490 407 1550; x_wconf 84' lang='lat' dir='ltr'>pars</span> <span class='ocrx_word' id='word_1_94' title='bbox 434 1468 546 1532; x_wconf 83' lang='lat' dir='ltr'>scholii</span> <span class='ocrx_word' id='word_1_95' title='bbox 574 1472 606 1533; x_wconf 93' lang='lat' dir='ltr'><strong><em>et</em></strong></span> <span class='ocrx_word' id='word_1_96' title='bbox 635 1471 785 1553; x_wconf 86' lang='lat' dir='ltr'>corrupta</span> <span class='ocrx_word' id='word_1_97' title='bbox 811 1472 844 1533; x_wconf 89' lang='lat' dir='ltr'><strong><em>et</em></strong></span> <span class='ocrx_word' id='word_1_98' title='bbox 870 1469 1075 1553; x_wconf 85' lang='lat' dir='ltr'>supposititia</span> <span class='ocrx_word' id='word_1_99' title='bbox 1102 1469 1172 1552; x_wconf 85' lang='lat' dir='ltr'>est).</span> <span class='ocrx_word' id='word_1_100' title='bbox 1219 1466 1302 1535; x_wconf 89' lang='lat' dir='ltr'>Ibid.</span> <span class='ocrx_word' id='word_1_101' title='bbox 1330 1475 1389 1536; x_wconf 84' lang='grc'><strong><em>216</em></strong></span> 
     </span>
     <span class='ocr_line' id='line_1_12' title="bbox 217 1565 1388 1661; baseline 0.002 -25"><span class='ocrx_word' id='word_1_102' title='bbox 217 1565 249 1658; x_wconf 80' lang='grc' dir='ltr'><strong><em>(η</em></strong></span> <span class='ocrx_word' id='word_1_103' title='bbox 272 1572 387 1658; x_wconf 78' lang='grc' dir='ltr'><strong><em>διπλῆ)</em></strong></span> <span class='ocrx_word' id='word_1_104' title='bbox 409 1569 462 1639; x_wconf 81' lang='grc' dir='ltr'><strong><em>ὅτι</em></strong></span> <span class='ocrx_word' id='word_1_105' title='bbox 483 1569 587 1638; x_wconf 88' lang='grc' dir='ltr'><strong><em>πάλιν</em></strong></span> <span class='ocrx_word' id='word_1_106' title='bbox 607 1577 665 1637; x_wconf 85' lang='grc' dir='ltr'><strong><em>τοῦ</em></strong></span> <span class='ocrx_word' id='word_1_107' title='bbox 688 1569 837 1655; x_wconf 85' lang='grc' dir='ltr'><strong><em>ζώματος</em></strong></span> <span class='ocrx_word' id='word_1_108' title='bbox 856 1571 1017 1661; x_wconf 83' lang='grc' dir='ltr'><strong><em>μνησθείς</em></strong></span> <span class='ocrx_word' id='word_1_109' title='bbox 1037 1572 1095 1640; x_wconf 86' lang='grc' dir='ltr'><strong><em>τὸν</em></strong></span> <span class='ocrx_word' id='word_1_110' title='bbox 1117 1568 1261 1658; x_wconf 87' lang='grc' dir='ltr'><strong><em>θώρακα</em></strong></span> <span class='ocrx_word' id='word_1_111' title='bbox 1283 1598 1388 1658; x_wconf 87' lang='grc' dir='ltr'><strong><em>παρα-</em></strong></span> 
     </span>
     <span class='ocr_line' id='line_1_13' title="bbox 218 1675 1387 1768; baseline 0.004 -27"><span class='ocrx_word' id='word_1_112' title='bbox 218 1675 385 1744; x_wconf 83' lang='grc' dir='ltr'><strong><em>λέλοιπεν.</em></strong></span> <span class='ocrx_word' id='word_1_113' title='bbox 422 1681 573 1766; x_wconf 88' lang='lat' dir='ltr'>Apollon.</span> <span class='ocrx_word' id='word_1_114' title='bbox 588 1682 647 1748; x_wconf 87' lang='lat' dir='ltr'>lex.</span> <span class='ocrx_word' id='word_1_115' title='bbox 663 1706 693 1766; x_wconf 92' lang='lat' dir='ltr'><strong><em>p.</em></strong></span> <span class='ocrx_word' id='word_1_116' title='bbox 711 1688 770 1750; x_wconf 86' lang='lat'><strong><em>382</em></strong></span> <span class='ocrx_word' id='word_1_117' title='bbox 786 1682 849 1764; x_wconf 84' lang='lat' dir='ltr'>(Et.</span> <span class='ocrx_word' id='word_1_118' title='bbox 863 1682 907 1746; x_wconf 87' lang='lat' dir='ltr'><strong><em>M.</em></strong></span> <span class='ocrx_word' id='word_1_119' title='bbox 922 1690 992 1765; x_wconf 83' lang='lat'>414,</span> <span class='ocrx_word' id='word_1_120' title='bbox 1006 1686 1058 1767; x_wconf 84' lang='lat'><strong><em>24)</em></strong></span> <span class='ocrx_word' id='word_1_121' title='bbox 1082 1679 1207 1768; x_wconf 81' lang='grc' dir='ltr'><strong><em>ζωστὴρ</em></strong></span> <span class='ocrx_word' id='word_1_122' title='bbox 1229 1676 1247 1747; x_wconf 84' lang='grc' dir='ltr'><em>ὃ</em></span> <span class='ocrx_word' id='word_1_123' title='bbox 1273 1676 1387 1747; x_wconf 83' lang='grc' dir='ltr'><strong><em>έπάνω</em></strong></span> 
     </span>
     <span class='ocr_line' id='line_1_14' title="bbox 217 1777 1389 1875; baseline 0.002 -25"><span class='ocrx_word' id='word_1_124' title='bbox 217 1790 276 1850; x_wconf 81' lang='grc' dir='ltr'><strong><em>τοῦ</em></strong></span> <span class='ocrx_word' id='word_1_125' title='bbox 298 1781 456 1870; x_wconf 87' lang='grc' dir='ltr'><strong><em>θώρακος</em></strong></span> <span class='ocrx_word' id='word_1_126' title='bbox 477 1777 505 1875; x_wconf 77' lang='grc' dir='ltr'><em>ᾧ</em></span> <span class='ocrx_word' id='word_1_127' title='bbox 528 1791 727 1873; x_wconf 59' lang='grc' dir='ltr'><strong><em>χρώνταιθῖ·</em></strong></span> <span class='ocrx_word' id='word_1_128' title='bbox 757 1788 861 1867; x_wconf 64' lang='lat' dir='ltr'><strong><em>„aas</em></strong></span> <span class='ocrx_word' id='word_1_129' title='bbox 886 1785 924 1853; x_wconf 90' lang='grc' dir='ltr'><strong><em>δέ</em></strong></span> <span class='ocrx_word' id='word_1_130' title='bbox 949 1783 1007 1872; x_wconf 81' lang='lat' dir='ltr'>(oi)</span> <span class='ocrx_word' id='word_1_131' title='bbox 1030 1788 1178 1875; x_wconf 81' lang='grc' dir='ltr'><strong><em>ζωστῆρα</em></strong></span> <span class='ocrx_word' id='word_1_132' title='bbox 1200 1783 1389 1855; x_wconf 86' lang='grc' dir='ltr'><strong><em>παναίολον</em></strong></span> 
     </span>
     <span class='ocr_line' id='line_1_15' title="bbox 217 1888 1390 1983; baseline 0.003 -25"><span class='ocrx_word' id='word_1_133' title='bbox 217 1888 273 1979; x_wconf 75' lang='grc' dir='ltr'><strong><em>ἠδ’</em></strong></span> <span class='ocrx_word' id='word_1_134' title='bbox 290 1888 458 1979; x_wconf 74' lang='grc' dir='ltr'><strong><em>ὑπένερθε</em></strong></span> <span class='ocrx_word' id='word_1_135' title='bbox 474 1890 566 1977; x_wconf 78' lang='grc' dir='ltr'><strong><em>ζῶμά</em></strong></span> <span class='ocrx_word' id='word_1_136' title='bbox 580 1919 616 1960; x_wconf 88' lang='grc' dir='ltr'><strong><em>τε</em></strong></span> <span class='ocrx_word' id='word_1_137' title='bbox 630 1892 687 1961; x_wconf 91' lang='grc' dir='ltr'><strong><em>καί</em></strong></span> <span class='ocrx_word' id='word_1_138' title='bbox 707 1891 846 1983; x_wconf 55' lang='grc' dir='ltr'><strong><em>μίτρηνῑί</em></strong></span> <span class='ocrx_word' id='word_1_139' title='bbox 863 1899 907 1978; x_wconf 83' lang='grc' dir='ltr'><strong><em>(Δ</em></strong></span> <span class='ocrx_word' id='word_1_140' title='bbox 921 1897 1003 1980; x_wconf 86' lang='grc'>215).</span> <span class='ocrx_word' id='word_1_141' title='bbox 1038 1895 1130 1979; x_wconf 84' lang='grc' dir='ltr'><strong><em>ζῶμα</em></strong></span> <span class='ocrx_word' id='word_1_142' title='bbox 1153 1893 1190 1961; x_wconf 81' lang='grc' dir='ltr'><strong><em>δέ</em></strong></span> <span class='ocrx_word' id='word_1_143' title='bbox 1212 1895 1270 1962; x_wconf 88' lang='grc' dir='ltr'><strong><em>καί</em></strong></span> <span class='ocrx_word' id='word_1_144' title='bbox 1291 1889 1390 1974; x_wconf 80' lang='grc' dir='ltr'><strong><em>αὐτὸς</em></strong></span> 
     </span>
     <span class='ocr_line' id='line_1_16' title="bbox 220 1996 1389 2093; baseline 0.003 -29"><span class='ocrx_word' id='word_1_145' title='bbox 220 1997 237 2065; x_wconf 86' lang='grc' dir='ltr'><strong><em>ὑ</em></strong></span> <span class='ocrx_word' id='word_1_146' title='bbox 259 1997 378 2083; x_wconf 86' lang='grc' dir='ltr'><strong><em>θώραξ</em></strong></span> <span class='ocrx_word' id='word_1_147' title='bbox 397 2001 480 2066; x_wconf 84' lang='grc' dir='ltr'><strong><em>κατὰ</em></strong></span> <span class='ocrx_word' id='word_1_148' title='bbox 504 1997 730 2088; x_wconf 82' lang='grc' dir='ltr'><strong><em>Ἀρίσταρχον·</em></strong></span> <span class='ocrx_word' id='word_1_149' title='bbox 765 1996 978 2092; x_wconf 78' lang='grc' dir='ltr'><strong><em>ἀντιγράφων</em></strong></span> <span class='ocrx_word' id='word_1_150' title='bbox 1003 2005 1037 2088; x_wconf 85' lang='lat' dir='ltr'><strong><em>(l</em></strong></span> <span class='ocrx_word' id='word_1_151' title='bbox 1059 1997 1282 2093; x_wconf 82' lang='grc' dir='ltr'><strong><em>άντιφράζων)</em></strong></span> <span class='ocrx_word' id='word_1_152' title='bbox 1311 2009 1389 2089; x_wconf 83' lang='grc' dir='ltr'><strong><em>γοῦν</em></strong></span> 
     </span>
    </p>

    <p class='ocr_par' dir='ltr' id='par_1_4' title="bbox 136 2103 1389 2305">
     <span class='ocr_line' id='line_1_17' title="bbox 136 2103 1389 2197; baseline 0.004 -27"><span class='ocrx_word' id='word_1_153' title='bbox 136 2115 207 2185; x_wconf 78' lang='lat'>(127)</span> <span class='ocrx_word' id='word_1_154' title='bbox 220 2129 303 2197; x_wconf 79' lang='grc' dir='ltr'><strong><em>φησι</em></strong></span> <span class='ocrx_word' id='word_1_155' title='bbox 324 2107 407 2188; x_wconf 83' lang='grc' dir='ltr'><strong><em>,,διὰ</em></strong></span> <span class='ocrx_word' id='word_1_156' title='bbox 428 2107 490 2192; x_wconf 84' lang='grc' dir='ltr'><strong><em>μέν</em></strong></span> <span class='ocrx_word' id='word_1_157' title='bbox 511 2103 551 2194; x_wconf 67' lang='lat' dir='ltr'><strong><em>tp</em></strong></span> <span class='ocrx_word' id='word_1_158' title='bbox 575 2111 741 2196; x_wconf 79' lang='grc' dir='ltr'><strong><em>ζωστῆρος</em></strong></span> <span class='ocrx_word' id='word_1_159' title='bbox 767 2105 908 2197; x_wconf 77' lang='grc' dir='ltr'><strong><em>ἐλήλατο</em></strong></span> <span class='ocrx_word' id='word_1_160' title='bbox 933 2107 1129 2177; x_wconf 86' lang='grc' dir='ltr'><strong><em>δαιδαλέοιο</em></strong></span> <span class='ocrx_word' id='word_1_161' title='bbox 1155 2109 1213 2177; x_wconf 88' lang='grc' dir='ltr'><strong><em>καί</em></strong></span> <span class='ocrx_word' id='word_1_162' title='bbox 1235 2109 1293 2176; x_wconf 81' lang='grc' dir='ltr'><strong><em>διὰ</em></strong></span> <span class='ocrx_word' id='word_1_163' title='bbox 1315 2106 1389 2176; x_wconf 87' lang='grc' dir='ltr'><strong><em>θώ-</em></strong></span> 
     </span>
     <span class='ocr_line' id='line_1_18' title="bbox 217 2213 1053 2305; baseline 0.01 -24"><span class='ocrx_word' id='word_1_164' title='bbox 217 2241 317 2303; x_wconf 91' lang='grc' dir='ltr'><strong><em>ρηκος</em></strong></span> <span class='ocrx_word' id='word_1_165' title='bbox 338 2215 591 2284; x_wconf 83' lang='grc' dir='ltr'><strong><em>πολυδαιδάλου</em></strong></span> <span class='ocrx_word' id='word_1_166' title='bbox 615 2213 742 2305; x_wconf 81' lang='grc' dir='ltr'><strong><em>(μίτρης</em></strong></span> <span class='ocrx_word' id='word_1_167' title='bbox 763 2213 798 2283; x_wconf 74' lang='grc' dir='ltr'><strong><em>θ’</em></strong></span> <span class='ocrx_word' id='word_1_168' title='bbox 822 2258 862 2267; x_wconf 89' lang='grc'><strong>-</strong></span> <span class='ocrx_word' id='word_1_169' title='bbox 883 2221 916 2283; x_wconf 82' lang='grc' dir='ltr'><em>Δ</em></span> <span class='ocrx_word' id='word_1_170' title='bbox 937 2221 1053 2304; x_wconf 71' lang='lat'><strong>135)⁶⁸.</strong></span> 
     </span>
    </p>

    <p class='ocr_par' dir='ltr' id='par_1_5' title="bbox 298 2335 1390 2437">
     <span class='ocr_line' id='line_1_19' title="bbox 298 2335 1390 2437; baseline -0.001 -28"><span class='ocrx_word' id='word_1_171' title='bbox 298 2347 337 2437; x_wconf 65' lang='lat' dir='ltr'><em>A</em></span> <span class='ocrx_word' id='word_1_172' title='bbox 362 2348 422 2410; x_wconf 82' lang='grc'><strong><em>234</em></strong></span> <span class='ocrx_word' id='word_1_173' title='bbox 445 2335 624 2431; x_wconf 79' lang='grc' dir='ltr'><strong><em>Ἰφιδάμας</em></strong></span> <span class='ocrx_word' id='word_1_174' title='bbox 659 2340 695 2407; x_wconf 82' lang='grc' dir='ltr'><strong><em>δέ</em></strong></span> <span class='ocrx_word' id='word_1_175' title='bbox 721 2341 804 2408; x_wconf 86' lang='grc' dir='ltr'><strong><em>κατὰ</em></strong></span> <span class='ocrx_word' id='word_1_176' title='bbox 833 2339 934 2430; x_wconf 83' lang='grc' dir='ltr'><strong><em>ζώνην</em></strong></span> <span class='ocrx_word' id='word_1_177' title='bbox 960 2338 1115 2430; x_wconf 86' lang='grc' dir='ltr'><strong><em>θώρηκος</em></strong></span> <span class='ocrx_word' id='word_1_178' title='bbox 1143 2337 1280 2429; x_wconf 71' lang='grc' dir='ltr'><strong><em>ἔνερθεν</em></strong></span> <span class='ocrx_word' id='word_1_179' title='bbox 1305 2336 1373 2424; x_wconf 82' lang='grc' dir='ltr'><strong><em>νύξ’</em></strong></span> <span class='ocrx_word' id='word_1_180' title='bbox 1382 2360 1390 2374; x_wconf 87' lang='grc'>’</span> 
     </span>
    </p>

    <p class='ocr_par' dir='ltr' id='par_1_6' title="bbox 94 2442 1392 3718">
     <span class='ocr_line' id='line_1_20' title="bbox 94 2442 1390 2539; baseline 0.001 -24"><span class='ocrx_word' id='word_1_181' title='bbox 94 2463 98 2470; x_wconf 86' lang='grc'><strong>’</strong></span> <span class='ocrx_word' id='word_1_182' title='bbox 153 2465 199 2516; x_wconf 82' lang='grc'><strong><em>123</em></strong></span> <span class='ocrx_word' id='word_1_183' title='bbox 220 2445 276 2514; x_wconf 83' lang='grc' dir='ltr'><strong><em>ἒπί</em></strong></span> <span class='ocrx_word' id='word_1_184' title='bbox 296 2443 326 2513; x_wconf 76' lang='grc' dir='ltr'><strong><em>δ’</em></strong></span> <span class='ocrx_word' id='word_1_185' title='bbox 352 2442 451 2526; x_wconf 80' lang='grc' dir='ltr'><strong><em>αὐτὸς</em></strong></span> <span class='ocrx_word' id='word_1_186' title='bbox 469 2445 572 2533; x_wconf 73' lang='grc' dir='ltr'><strong><em>ἔρεισε</em></strong></span> <span class='ocrx_word' id='word_1_187' title='bbox 594 2445 710 2539; x_wconf 76' lang='grc' dir='ltr'><strong><em>βαρείη</em></strong></span> <span class='ocrx_word' id='word_1_188' title='bbox 730 2449 814 2536; x_wconf 84' lang='grc' dir='ltr'><strong><em>χειρὶ</em></strong></span> <span class='ocrx_word' id='word_1_189' title='bbox 835 2445 1002 2538; x_wconf 79' lang='grc' dir='ltr'><strong><em>πιθήσας·</em></strong></span> <span class='ocrx_word' id='word_1_190' title='bbox 1026 2444 1099 2516; x_wconf 74' lang='grc' dir='ltr'><strong><em>οὐδ&gt;</em></strong></span> <span class='ocrx_word' id='word_1_191' title='bbox 1123 2445 1215 2534; x_wconf 82' lang='grc' dir='ltr'><strong><em>έτορε</em></strong></span> <span class='ocrx_word' id='word_1_192' title='bbox 1238 2449 1390 2536; x_wconf 76' lang='grc' dir='ltr'><strong><em>ζωστῆρα</em></strong></span> 
     </span>
     <span class='ocr_line' id='line_1_21' title="bbox 217 2552 1389 2645; baseline 0.003 -26"><span class='ocrx_word' id='word_1_193' title='bbox 217 2552 404 2623; x_wconf 87' lang='grc' dir='ltr'><strong><em>παναίολον</em></strong></span> <span class='ocrx_word' id='word_1_194' title='bbox 420 2596 465 2621; x_wconf 93' lang='grc'><strong><em>-.</em></strong></span> <span class='ocrx_word' id='word_1_195' title='bbox 495 2559 591 2624; x_wconf 86' lang='lat' dir='ltr'>Patet</span> <span class='ocrx_word' id='word_1_196' title='bbox 609 2582 647 2624; x_wconf 88' lang='lat' dir='ltr'><strong><em>ex</em></strong></span> <span class='ocrx_word' id='word_1_197' title='bbox 669 2561 732 2624; x_wconf 83' lang='lat' dir='ltr'><strong><em>hoo</em></strong></span> <span class='ocrx_word' id='word_1_198' title='bbox 752 2559 825 2625; x_wconf 88' lang='lat' dir='ltr'>loeo</span> <span class='ocrx_word' id='word_1_199' title='bbox 850 2558 999 2645; x_wconf 80' lang='grc' dir='ltr'><strong><em>ζωστῆρα</em></strong></span> <span class='ocrx_word' id='word_1_200' title='bbox 1021 2564 1054 2625; x_wconf 92' lang='lat' dir='ltr'><strong><em>et</em></strong></span> <span class='ocrx_word' id='word_1_201' title='bbox 1077 2553 1179 2645; x_wconf 87' lang='grc' dir='ltr'><strong><em>ζώνην</em></strong></span> <span class='ocrx_word' id='word_1_202' title='bbox 1200 2559 1288 2624; x_wconf 89' lang='lat' dir='ltr'>idem</span> <span class='ocrx_word' id='word_1_203' title='bbox 1310 2582 1389 2625; x_wconf 78' lang='lat' dir='ltr'>esse.</span> 
     </span>
     <span class='ocr_line' id='line_1_22' title="bbox 218 2660 1389 2752; baseline 0 -20"><span class='ocrx_word' id='word_1_204' title='bbox 218 2667 400 2732; x_wconf 74' lang='lat' dir='ltr'>Cavendum</span> <span class='ocrx_word' id='word_1_205' title='bbox 431 2671 499 2732; x_wconf 89' lang='lat' dir='ltr'>erat</span> <span class='ocrx_word' id='word_1_206' title='bbox 525 2691 565 2731; x_wconf 90' lang='lat' dir='ltr'><strong><em>ne</em></strong></span> <span class='ocrx_word' id='word_1_207' title='bbox 595 2668 667 2752; x_wconf 80' lang='lat' dir='ltr'>quis</span> <span class='ocrx_word' id='word_1_208' title='bbox 693 2664 778 2730; x_wconf 87' lang='grc' dir='ltr'><strong><em>κατὰ</em></strong></span> <span class='ocrx_word' id='word_1_209' title='bbox 803 2660 906 2752; x_wconf 87' lang='grc' dir='ltr'><strong><em>ζώνην</em></strong></span> <span class='ocrx_word' id='word_1_210' title='bbox 931 2661 1087 2752; x_wconf 87' lang='grc' dir='ltr'><strong><em>θώρηκος</em></strong></span> <span class='ocrx_word' id='word_1_211' title='bbox 1114 2660 1231 2748; x_wconf 72' lang='grc' dir='ltr'><strong><em>ἔνερθε</em></strong></span> <span class='ocrx_word' id='word_1_212' title='bbox 1260 2690 1320 2752; x_wconf 89' lang='lat' dir='ltr'><strong><em>pro</em></strong></span> <span class='ocrx_word' id='word_1_213' title='bbox 1351 2690 1389 2732; x_wconf 87' lang='lat' dir='ltr'><strong><em>eo</em></strong></span> 
     </span>
     <span class='ocr_line' id='line_1_23' title="bbox 217 2767 1390 2860; baseline -0.002 -23"><span class='ocrx_word' id='word_1_214' title='bbox 217 2774 375 2860; x_wconf 85' lang='lat' dir='ltr'>acoiperet</span> <span class='ocrx_word' id='word_1_215' title='bbox 409 2775 495 2860; x_wconf 88' lang='lat' dir='ltr'>quod</span> <span class='ocrx_word' id='word_1_216' title='bbox 525 2779 574 2840; x_wconf 88' lang='lat' dir='ltr'><strong><em>est</em></strong></span> <span class='ocrx_word' id='word_1_217' title='bbox 604 2772 704 2856; x_wconf 78' lang='grc' dir='ltr'><strong><em>ζῶμα.</em></strong></span> <span class='ocrx_word' id='word_1_218' title='bbox 748 2775 852 2853; x_wconf 84' lang='lat' dir='ltr'>Quare</span> <span class='ocrx_word' id='word_1_219' title='bbox 880 2774 1039 2839; x_wconf 88' lang='lat' dir='ltr'>monitum</span> <span class='ocrx_word' id='word_1_220' title='bbox 1067 2768 1222 2860; x_wconf 89' lang='grc' dir='ltr'><strong><em>θώρηκος</em></strong></span> <span class='ocrx_word' id='word_1_221' title='bbox 1252 2767 1390 2855; x_wconf 74' lang='grc' dir='ltr'><strong><em>ἔνερθεν</em></strong></span> 
     </span>
     <span class='ocr_line' id='line_1_24' title="bbox 218 2881 1390 2968; baseline -0.001 -22"><span class='ocrx_word' id='word_1_222' title='bbox 218 2904 277 2946; x_wconf 87' lang='lat' dir='ltr'><strong><em>nee</em></strong></span> <span class='ocrx_word' id='word_1_223' title='bbox 299 2883 478 2968; x_wconf 80' lang='lat' dir='ltr'>significare</span> <span class='ocrx_word' id='word_1_224' title='bbox 505 2883 606 2963; x_wconf 82' lang='lat' dir='ltr'>„iutra</span> <span class='ocrx_word' id='word_1_225' title='bbox 627 2884 787 2962; x_wconf 83' lang='lat' dir='ltr'>loricam“,</span> <span class='ocrx_word' id='word_1_226' title='bbox 813 2905 871 2947; x_wconf 87' lang='lat' dir='ltr'><strong><em>nec</em></strong></span> <span class='ocrx_word' id='word_1_227' title='bbox 897 2882 997 2960; x_wconf 81' lang='lat' dir='ltr'>„infra</span> <span class='ocrx_word' id='word_1_228' title='bbox 1017 2882 1179 2959; x_wconf 80' lang='lat' dir='ltr'>loricam“,</span> <span class='ocrx_word' id='word_1_229' title='bbox 1210 2882 1267 2946; x_wconf 83' lang='lat' dir='ltr'><strong><em>sed</em></strong></span> <span class='ocrx_word' id='word_1_230' title='bbox 1289 2881 1390 2961; x_wconf 84' lang='lat' dir='ltr'>„infe-</span> 
     </span>
     <span class='ocr_line' id='line_1_25' title="bbox 217 2988 1390 3074; baseline -0.002 -22"><span class='ocrx_word' id='word_1_231' title='bbox 217 2990 300 3055; x_wconf 90' lang='lat' dir='ltr'>riore</span> <span class='ocrx_word' id='word_1_232' title='bbox 326 2993 416 3074; x_wconf 86' lang='lat' dir='ltr'>parte</span> <span class='ocrx_word' id='word_1_233' title='bbox 443 2990 578 3055; x_wconf 68' lang='grc' dir='ltr'><strong><em>ίοιιίοαειι</em></strong></span> <span class='ocrx_word' id='word_1_234' title='bbox 606 2993 718 3072; x_wconf 88' lang='lat' dir='ltr'>(unten</span> <span class='ocrx_word' id='word_1_235' title='bbox 745 3014 797 3056; x_wconf 89' lang='lat' dir='ltr'><strong><em>am</em></strong></span> <span class='ocrx_word' id='word_1_236' title='bbox 825 2990 969 3074; x_wconf 85' lang='lat' dir='ltr'>Pauzer).</span> <span class='ocrx_word' id='word_1_237' title='bbox 1011 2989 1084 3054; x_wconf 88' lang='grc' dir='ltr'><strong><em>Ηοο</em></strong></span> <span class='ocrx_word' id='word_1_238' title='bbox 1114 2988 1176 3054; x_wconf 87' lang='lat' dir='ltr'>sibi</span> <span class='ocrx_word' id='word_1_239' title='bbox 1197 2988 1267 3054; x_wconf 84' lang='lat' dir='ltr'>vult</span> <span class='ocrx_word' id='word_1_240' title='bbox 1292 2989 1390 3054; x_wconf 80' lang='lat' dir='ltr'>schol.</span> 
     </span>
     <span class='ocr_line' id='line_1_26' title="bbox 218 3088 1392 3183; baseline -0.002 -21"><span class='ocrx_word' id='word_1_241' title='bbox 218 3098 326 3181; x_wconf 73' lang='lat' dir='ltr'>Afflh)</span> <span class='ocrx_word' id='word_1_242' title='bbox 349 3097 389 3161; x_wconf 89' lang='lat' dir='ltr'><strong><em>ad</em></strong></span> <span class='ocrx_word' id='word_1_243' title='bbox 410 3101 449 3160; x_wconf 87' lang='grc' dir='ltr'><em>Λ</em></span> <span class='ocrx_word' id='word_1_244' title='bbox 469 3103 530 3164; x_wconf 85' lang='grc'><strong><em>234</em></strong></span> <span class='ocrx_word' id='word_1_245' title='bbox 551 3095 635 3161; x_wconf 86' lang='grc' dir='ltr'><strong><em>κατὰ</em></strong></span> <span class='ocrx_word' id='word_1_246' title='bbox 657 3090 760 3183; x_wconf 86' lang='grc' dir='ltr'><strong><em>ζώνην</em></strong></span> <span class='ocrx_word' id='word_1_247' title='bbox 782 3092 940 3182; x_wconf 86' lang='grc' dir='ltr'><strong><em>θώρακος</em></strong></span> <span class='ocrx_word' id='word_1_248' title='bbox 961 3091 1114 3179; x_wconf 73' lang='grc' dir='ltr'><strong><em>ένερθεντ</em></strong></span> <span class='ocrx_word' id='word_1_249' title='bbox 1136 3088 1169 3180; x_wconf 75' lang='grc' dir='ltr'><strong><em>(ἦ</em></strong></span> <span class='ocrx_word' id='word_1_250' title='bbox 1194 3094 1312 3180; x_wconf 77' lang='grc' dir='ltr'><strong><em>διπλῆ)</em></strong></span> <span class='ocrx_word' id='word_1_251' title='bbox 1338 3090 1392 3161; x_wconf 84' lang='grc' dir='ltr'><strong><em>ὅτι</em></strong></span> 
     </span>
     <span class='ocr_line' id='line_1_27' title="bbox 220 3195 1391 3306; baseline -0.001 -38"><span class='ocrx_word' id='word_1_252' title='bbox 220 3198 257 3268; x_wconf 80' lang='grc' dir='ltr'><strong><em>οὐ</em></strong></span> <span class='ocrx_word' id='word_1_253' title='bbox 282 3200 370 3306; x_wconf 70' lang='grc' dir='ltr'><strong><em>λέγει</em></strong></span> <span class='ocrx_word' id='word_1_254' title='bbox 393 3201 449 3267; x_wconf 84' lang='grc' dir='ltr'><strong><em>διὰ</em></strong></span> <span class='ocrx_word' id='word_1_255' title='bbox 471 3208 528 3268; x_wconf 83' lang='grc' dir='ltr'><strong><em>τοῦ</em></strong></span> <span class='ocrx_word' id='word_1_256' title='bbox 549 3200 707 3288; x_wconf 85' lang='grc' dir='ltr'><strong><em>θώρακος</em></strong></span> <span class='ocrx_word' id='word_1_257' title='bbox 728 3199 863 3286; x_wconf 69' lang='grc' dir='ltr'><strong><em>ἔνερθεν</em></strong></span> <span class='ocrx_word' id='word_1_258' title='bbox 884 3201 976 3282; x_wconf 83' lang='grc' dir='ltr'><strong><em>ε’ντὸς</em></strong></span> <span class='ocrx_word' id='word_1_259' title='bbox 998 3199 1170 3287; x_wconf 85' lang='grc' dir='ltr'><strong><em>θώρακος,</em></strong></span> <span class='ocrx_word' id='word_1_260' title='bbox 1196 3195 1286 3266; x_wconf 84' lang='grc' dir='ltr'><strong><em>άλλδι</em></strong></span> <span class='ocrx_word' id='word_1_261' title='bbox 1305 3198 1391 3267; x_wconf 84' lang='grc' dir='ltr'><strong><em>κατὰ</em></strong></span> 
     </span>
     <span class='ocr_line' id='line_1_28' title="bbox 219 3303 1390 3399; baseline -0.002 -25"><span class='ocrx_word' id='word_1_262' title='bbox 219 3306 322 3396; x_wconf 86' lang='grc' dir='ltr'><strong><em>ζώνην</em></strong></span> <span class='ocrx_word' id='word_1_263' title='bbox 343 3304 501 3394; x_wconf 90' lang='grc' dir='ltr'><strong><em>θώρακος</em></strong></span> <span class='ocrx_word' id='word_1_264' title='bbox 521 3310 580 3398; x_wconf 80' lang='grc' dir='ltr'><strong><em>τὴν</em></strong></span> <span class='ocrx_word' id='word_1_265' title='bbox 603 3308 845 3399; x_wconf 88' lang='grc' dir='ltr'><strong><em>θωρακυζώνην</em></strong></span> <span class='ocrx_word' id='word_1_266' title='bbox 868 3307 1092 3399; x_wconf 64' lang='grc' dir='ltr'><strong><em>λεγομένηνθθ.</em></strong></span> <span class='ocrx_word' id='word_1_267' title='bbox 1133 3307 1171 3375; x_wconf 91' lang='grc' dir='ltr'><strong><em>τδ</em></strong></span> <span class='ocrx_word' id='word_1_268' title='bbox 1196 3305 1234 3374; x_wconf 86' lang='grc' dir='ltr'><strong><em>δέ</em></strong></span> <span class='ocrx_word' id='word_1_269' title='bbox 1253 3303 1390 3393; x_wconf 70' lang='grc' dir='ltr'><strong><em>ἔνερθεν</em></strong></span> 
     </span>
     <span class='ocr_line' id='line_1_29' title="bbox 219 3411 1392 3506; baseline 0.002 -24"><span class='ocrx_word' id='word_1_270' title='bbox 219 3413 266 3495; x_wconf 87' lang='grc' dir='ltr'><strong><em>είς</em></strong></span> <span class='ocrx_word' id='word_1_271' title='bbox 286 3416 323 3484; x_wconf 90' lang='grc' dir='ltr'><strong><em>τὸ</em></strong></span> <span class='ocrx_word' id='word_1_272' title='bbox 346 3414 434 3481; x_wconf 88' lang='grc' dir='ltr'><strong><em>κάτω</em></strong></span> <span class='ocrx_word' id='word_1_273' title='bbox 456 3415 557 3504; x_wconf 89' lang='grc' dir='ltr'><strong><em>μέρος</em></strong></span> <span class='ocrx_word' id='word_1_274' title='bbox 577 3423 637 3506; x_wconf 84' lang='grc' dir='ltr'><strong><em>της</em></strong></span> <span class='ocrx_word' id='word_1_275' title='bbox 659 3412 918 3505; x_wconf 83' lang='grc' dir='ltr'><strong><em>θωρακοζώνης,</em></strong></span> <span class='ocrx_word' id='word_1_276' title='bbox 949 3419 994 3497; x_wconf 80' lang='grc' dir='ltr'><strong><em>ὡς</em></strong></span> <span class='ocrx_word' id='word_1_277' title='bbox 1023 3415 1103 3484; x_wconf 83' lang='grc' dir='ltr'><strong><em>ὅταν</em></strong></span> <span class='ocrx_word' id='word_1_278' title='bbox 1129 3414 1206 3505; x_wconf 84' lang='grc' dir='ltr'><strong><em>λέγη</em></strong></span> <span class='ocrx_word' id='word_1_279' title='bbox 1229 3411 1330 3496; x_wconf 59' lang='lat' dir='ltr'>„vige</span> <span class='ocrx_word' id='word_1_280' title='bbox 1353 3413 1392 3484; x_wconf 89' lang='grc' dir='ltr'><strong><em>δέ</em></strong></span> 
     </span>
     <span class='ocr_line' id='line_1_30' title="bbox 217 3518 1389 3613; baseline 0.002 -24"><span class='ocrx_word' id='word_1_281' title='bbox 217 3549 274 3607; x_wconf 91' lang='grc' dir='ltr'><strong><em>μιν</em></strong></span> <span class='ocrx_word' id='word_1_282' title='bbox 300 3523 385 3589; x_wconf 83' lang='grc' dir='ltr'><strong><em>κατὰ</em></strong></span> <span class='ocrx_word' id='word_1_283' title='bbox 408 3527 501 3608; x_wconf 87' lang='grc' dir='ltr'><strong><em>χεῖρα</em></strong></span> <span class='ocrx_word' id='word_1_284' title='bbox 530 3522 633 3613; x_wconf 90' lang='grc' dir='ltr'><strong><em>μέσην</em></strong></span> <span class='ocrx_word' id='word_1_285' title='bbox 662 3519 810 3610; x_wconf 84' lang='grc' dir='ltr'><strong><em>ἇγκώνος</em></strong></span> <span class='ocrx_word' id='word_1_286' title='bbox 834 3518 994 3610; x_wconf 82' lang='grc' dir='ltr'><strong><em>ένερθεν“</em></strong></span> <span class='ocrx_word' id='word_1_287' title='bbox 1023 3528 1120 3611; x_wconf 83' lang='grc'>(252),</span> <span class='ocrx_word' id='word_1_288' title='bbox 1143 3519 1202 3605; x_wconf 79' lang='grc' dir='ltr'><strong><em>οὐχ</em></strong></span> <span class='ocrx_word' id='word_1_289' title='bbox 1229 3520 1389 3591; x_wconf 79' lang='grc' dir='ltr'><strong><em>ὑποκάτω</em></strong></span> 
     </span>
     <span class='ocr_line' id='line_1_31' title="bbox 218 3625 1389 3718; baseline 0.003 -23"><span class='ocrx_word' id='word_1_290' title='bbox 218 3635 277 3697; x_wconf 81' lang='grc' dir='ltr'><strong><em>τοῦ</em></strong></span> <span class='ocrx_word' id='word_1_291' title='bbox 304 3625 466 3718; x_wconf 77' lang='grc' dir='ltr'><strong><em>άγκώνος,</em></strong></span> <span class='ocrx_word' id='word_1_292' title='bbox 497 3627 584 3697; x_wconf 78' lang='grc' dir='ltr'><strong><em>ἀλλὰ</em></strong></span> <span class='ocrx_word' id='word_1_293' title='bbox 613 3631 697 3698; x_wconf 88' lang='grc' dir='ltr'><strong><em>κατὰ</em></strong></span> <span class='ocrx_word' id='word_1_294' title='bbox 724 3630 761 3699; x_wconf 87' lang='grc' dir='ltr'><strong><em>τὸ</em></strong></span> <span class='ocrx_word' id='word_1_295' title='bbox 783 3627 900 3715; x_wconf 72' lang='grc' dir='ltr'><strong><em>ἔνερθε</em></strong></span> <span class='ocrx_word' id='word_1_296' title='bbox 919 3631 1020 3718; x_wconf 87' lang='grc' dir='ltr'><strong><em>μέρος</em></strong></span> <span class='ocrx_word' id='word_1_297' title='bbox 1040 3637 1099 3698; x_wconf 81' lang='grc' dir='ltr'><strong><em>τοῦ</em></strong></span> <span class='ocrx_word' id='word_1_298' title='bbox 1121 3625 1337 3718; x_wconf 69' lang='grc' dir='ltr'><strong><em>άγκώνος.6θ“</em></strong></span> <span class='ocrx_word' id='word_1_299' title='bbox 1371 3629 1389 3699; x_wconf 86' lang='grc' dir='ltr'><em>ὃ</em></span> 
     </span>
    </p>
   </div>
   <div class='ocr_carea' id='block_1_3' title="bbox 219 3852 1391 4437">
    <p class='ocr_par' dir='ltr' id='par_1_7' title="bbox 285 3852 1022 3930">
     <span class='ocr_line' id='line_1_32' title="bbox 285 3852 1022 3930; baseline 0.001 -17"><span class='ocrx_word' id='word_1_300' title='bbox 285 3862 311 3901; x_wconf 79' lang='grc'><strong><em>67</em></strong></span> <span class='ocrx_word' id='word_1_301' title='bbox 345 3859 422 3914; x_wconf 89' lang='lat' dir='ltr'>Haec</span> <span class='ocrx_word' id='word_1_302' title='bbox 440 3863 582 3929; x_wconf 83' lang='lat' dir='ltr'>corrupta3</span> <span class='ocrx_word' id='word_1_303' title='bbox 601 3860 635 3914; x_wconf 90' lang='lat' dir='ltr'><strong><em>de</em></strong></span> <span class='ocrx_word' id='word_1_304' title='bbox 653 3852 753 3916; x_wconf 80' lang='grc' dir='ltr'><strong><em>ἐπάνω</em></strong></span> <span class='ocrx_word' id='word_1_305' title='bbox 773 3879 798 3914; x_wconf 87' lang='lat' dir='ltr'><strong><em>v.</em></strong></span> <span class='ocrx_word' id='word_1_306' title='bbox 816 3878 900 3930; x_wconf 83' lang='lat' dir='ltr'>supra</span> <span class='ocrx_word' id='word_1_307' title='bbox 917 3862 1022 3914; x_wconf 88' lang='lat' dir='ltr'>notam.</span> 
     </span>
    </p>

    <p class='ocr_par' dir='ltr' id='par_1_8' title="bbox 219 3935 1390 4186">
     <span class='ocr_line' id='line_1_33' title="bbox 286 3935 1390 4014; baseline 0.001 -16"><span class='ocrx_word' id='word_1_308' title='bbox 286 3946 312 3985; x_wconf 78' lang='grc'><strong><em>68</em></strong></span> <span class='ocrx_word' id='word_1_309' title='bbox 346 3943 493 4013; x_wconf 83' lang='lat' dir='ltr'>Cingulum</span> <span class='ocrx_word' id='word_1_310' title='bbox 506 3944 685 4014; x_wconf 78' lang='lat' dir='ltr'>Hippolytae,</span> <span class='ocrx_word' id='word_1_311' title='bbox 703 3961 758 4013; x_wconf 91' lang='lat' dir='ltr'><strong><em>quo</em></strong></span> <span class='ocrx_word' id='word_1_312' title='bbox 770 3948 879 4000; x_wconf 78' lang='lat' dir='ltr'>scutum</span> <span class='ocrx_word' id='word_1_313' title='bbox 891 3947 1024 4014; x_wconf 84' lang='lat' dir='ltr'>gestatur,</span> <span class='ocrx_word' id='word_1_314' title='bbox 1044 3944 1160 4013; x_wconf 83' lang='grc' dir='ltr'><strong><em>ζωστήρ</em></strong></span> <span class='ocrx_word' id='word_1_315' title='bbox 1179 3941 1273 4008; x_wconf 83' lang='lat' dir='ltr'>Quint.</span> <span class='ocrx_word' id='word_1_316' title='bbox 1294 3935 1319 4006; x_wconf 86' lang='grc' dir='ltr'><strong><em>ς’</em></strong></span> <span class='ocrx_word' id='word_1_317' title='bbox 1331 3948 1390 3999; x_wconf 78' lang='lat'><strong><em>243.</em></strong></span> 
     </span>
     <span class='ocr_line' id='line_1_34' title="bbox 219 4019 1390 4107; baseline 0 -24"><span class='ocrx_word' id='word_1_318' title='bbox 219 4030 278 4084; x_wconf 89' lang='lat' dir='ltr'><strong><em>Hoo</em></strong></span> <span class='ocrx_word' id='word_1_319' title='bbox 289 4028 410 4107; x_wconf 72' lang='lat' dir='ltr'>Homero</span> <span class='ocrx_word' id='word_1_320' title='bbox 429 4032 471 4083; x_wconf 82' lang='lat' dir='ltr'><strong><em>est</em></strong></span> <span class='ocrx_word' id='word_1_321' title='bbox 488 4023 629 4096; x_wconf 82' lang='grc' dir='ltr'><strong><em>τελαμών.</em></strong></span> <span class='ocrx_word' id='word_1_322' title='bbox 658 4030 729 4084; x_wconf 91' lang='lat' dir='ltr'>Item</span> <span class='ocrx_word' id='word_1_323' title='bbox 741 4029 875 4092; x_wconf 79' lang='lat' dir='ltr'>Herculia,</span> <span class='ocrx_word' id='word_1_324' title='bbox 894 4029 969 4099; x_wconf 89' lang='lat' dir='ltr'>quod</span> <span class='ocrx_word' id='word_1_325' title='bbox 987 4030 1023 4082; x_wconf 88' lang='lat' dir='ltr'><strong><em>ab</em></strong></span> <span class='ocrx_word' id='word_1_326' title='bbox 1038 4029 1158 4083; x_wconf 80' lang='lat' dir='ltr'><strong>Homero</strong></span> <span class='ocrx_word' id='word_1_327' title='bbox 1178 4029 1193 4081; x_wconf 84' lang='grc' dir='ltr'><strong><em>λ</em></strong></span> <span class='ocrx_word' id='word_1_328' title='bbox 1210 4032 1260 4082; x_wconf 83' lang='grc'><strong><em>610</em></strong></span> <span class='ocrx_word' id='word_1_329' title='bbox 1280 4019 1390 4097; x_wconf 79' lang='grc' dir='ltr'><strong><em>ἀορτὴρ</em></strong></span> 
     </span>
     <span class='ocr_line' id='line_1_35' title="bbox 219 4110 902 4186; baseline 0.001 -17"><span class='ocrx_word' id='word_1_330' title='bbox 219 4110 353 4181; x_wconf 84' lang='grc' dir='ltr'><strong><em>τελαμών</em></strong></span> <span class='ocrx_word' id='word_1_331' title='bbox 371 4112 480 4178; x_wconf 87' lang='lat' dir='ltr'>dieitur,</span> <span class='ocrx_word' id='word_1_332' title='bbox 498 4112 601 4178; x_wconf 78' lang='lat' dir='ltr'>Quinto</span> <span class='ocrx_word' id='word_1_333' title='bbox 620 4117 663 4168; x_wconf 82' lang='lat' dir='ltr'><strong><em>eet</em></strong></span> <span class='ocrx_word' id='word_1_334' title='bbox 680 4116 795 4186; x_wconf 79' lang='grc' dir='ltr'><strong><em>ζωστήρ</em></strong></span> <span class='ocrx_word' id='word_1_335' title='bbox 812 4117 830 4168; x_wconf 93' lang='lat' dir='ltr'><em>I</em></span> <span class='ocrx_word' id='word_1_336' title='bbox 844 4119 902 4170; x_wconf 69' lang='lat'>480.</span> 
     </span>
    </p>

    <p class='ocr_par' dir='ltr' id='par_1_9' title="bbox 287 4196 829 4268">
     <span class='ocr_line' id='line_1_36' title="bbox 287 4196 829 4268; baseline 0.002 -18"><span class='ocrx_word' id='word_1_337' title='bbox 287 4201 312 4241; x_wconf 80' lang='grc'><strong><em>69</em></strong></span> <span class='ocrx_word' id='word_1_338' title='bbox 345 4197 379 4252; x_wconf 92' lang='grc' dir='ltr'><strong><em>Η.</em></strong></span> <span class='ocrx_word' id='word_1_339' title='bbox 399 4215 421 4253; x_wconf 89' lang='lat' dir='ltr'><strong><em>e.</em></strong></span> <span class='ocrx_word' id='word_1_340' title='bbox 441 4197 490 4266; x_wconf 92' lang='lat' dir='ltr'><strong><em>qui</em></strong></span> <span class='ocrx_word' id='word_1_341' title='bbox 506 4196 628 4252; x_wconf 88' lang='lat' dir='ltr'>Homero</span> <span class='ocrx_word' id='word_1_342' title='bbox 647 4202 688 4253; x_wconf 82' lang='lat' dir='ltr'><strong><em>est</em></strong></span> <span class='ocrx_word' id='word_1_343' title='bbox 707 4201 829 4268; x_wconf 82' lang='grc' dir='ltr'><strong><em>ζωστήρ.</em></strong></span> 
     </span>
    </p>

    <p class='ocr_par' dir='ltr' id='par_1_10' title="bbox 220 4278 1391 4437">
     <span class='ocr_line' id='line_1_37' title="bbox 286 4278 1389 4352; baseline 0.005 -17"><span class='ocrx_word' id='word_1_344' title='bbox 286 4285 330 4324; x_wconf 74' lang='lat'><strong><em>⁶9·</em></strong></span> <span class='ocrx_word' id='word_1_345' title='bbox 349 4283 413 4350; x_wconf 82' lang='lat' dir='ltr'>&lt;„In</span> <span class='ocrx_word' id='word_1_346' title='bbox 426 4280 586 4336; x_wconf 79' lang='lat' dir='ltr'>Aristarcho</span> <span class='ocrx_word' id='word_1_347' title='bbox 598 4299 625 4351; x_wconf 89' lang='lat' dir='ltr'><strong><em>p.</em></strong></span> <span class='ocrx_word' id='word_1_348' title='bbox 641 4287 687 4337; x_wconf 73' lang='lat'><strong><em>127</em></strong></span> <span class='ocrx_word' id='word_1_349' title='bbox 700 4282 793 4337; x_wconf 86' lang='lat' dir='ltr'>Lehrs.</span> <span class='ocrx_word' id='word_1_350' title='bbox 806 4283 892 4337; x_wconf 87' lang='lat' dir='ltr'>etiam</span> <span class='ocrx_word' id='word_1_351' title='bbox 908 4282 1053 4352; x_wconf 74' lang='lat' dir='ltr'>sequentia</span> <span class='ocrx_word' id='word_1_352' title='bbox 1065 4278 1223 4337; x_wconf 76' lang='lat' dir='ltr'>Aristonico</span> <span class='ocrx_word' id='word_1_353' title='bbox 1236 4281 1389 4340; x_wconf 86' lang='lat' dir='ltr'>tribuit...</span> 
     </span>
     <span class='ocr_line' id='line_1_38' title="bbox 220 4357 1391 4437; baseline -0.001 -15"><span class='ocrx_word' id='word_1_354' title='bbox 220 4367 300 4423; x_wconf 86' lang='lat' dir='ltr'>Nune</span> <span class='ocrx_word' id='word_1_355' title='bbox 322 4370 416 4422; x_wconf 88' lang='lat' dir='ltr'>autem</span> <span class='ocrx_word' id='word_1_356' title='bbox 437 4365 572 4437; x_wconf 84' lang='lat' dir='ltr'>pleraque</span> <span class='ocrx_word' id='word_1_357' title='bbox 588 4366 724 4421; x_wconf 88' lang='lat' dir='ltr'>eiusmodi</span> <span class='ocrx_word' id='word_1_358' title='bbox 741 4366 946 4432; x_wconf 83' lang='lat' dir='ltr'>additamenta,</span> <span class='ocrx_word' id='word_1_359' title='bbox 966 4383 1038 4435; x_wconf 91' lang='lat' dir='ltr'>quae</span> <span class='ocrx_word' id='word_1_360' title='bbox 1057 4367 1092 4420; x_wconf 89' lang='lat' dir='ltr'><strong><em>ab</em></strong></span> <span class='ocrx_word' id='word_1_361' title='bbox 1112 4363 1128 4420; x_wconf 86' lang='grc' dir='ltr'><strong><em>δ</em></strong></span> <span class='ocrx_word' id='word_1_362' title='bbox 1148 4364 1181 4421; x_wconf 76' lang='grc' dir='ltr'><strong><em>δὲ</em></strong></span> <span class='ocrx_word' id='word_1_363' title='bbox 1198 4362 1285 4436; x_wconf 82' lang='grc' dir='ltr'><strong><em>λόγος</em></strong></span> <span class='ocrx_word' id='word_1_364' title='bbox 1304 4357 1391 4431; x_wconf 82' lang='grc' dir='ltr'><strong><em>οὗτος</em></strong></span> 
     </span>
    </p>
   </div>
   <div class='ocr_carea' id='block_1_4' title="bbox 0 0 1508 4980">
    <p class='ocr_par' dir='ltr' id='par_1_11' title="bbox 0 0 1508 4980">
     <span class='ocr_line' id='line_1_39' title="bbox 0 0 1508 4980; baseline 0 0"><span class='ocrx_word' id='word_1_365' title='bbox 0 0 1508 4980; x_wconf 95' lang='lat' dir='ltr'><strong><em> </em></strong></span> 
     </span>
    </p>
   </div>
  </div>
 </body>
</html>
