3008 4980
493 335 515 386 1.
541 330 671 398 Dentre,
689 331 810 396 aethere,
828 330 952 401 Olympo.
1252 341 1309 402 165

148 491 346 581 Οὐλύμποιο
374 492 443 564 άπὸ
469 491 558 585 ῥίσυε
586 493 639 565 ὅτι
666 490 743 583 tour
769 492 978 580 δ”Ολυμπος
1003 495 1061 562 καὶ
1084 492 1140 579 ῥία
1167 492 1235 578 iicet
1255 497 1312 565 καὶ

143 600 214 672 άπὸ
235 608 299 671 τῶν
321 599 407 689 δρῶν
427 601 544 694 <ῥίωνθ
570 607 678 672 Lehrs.
700 629 751 691 ap.
766 605 1000 673 Friedlaender.
1021 606 1163 672 Ariston.
1184 629 1215 691 p.
1234 609 1311 693 231)

143 710 390 799 ἐπιθεωροῦσιν
411 716 461 799 (ut
481 715 625 801 Iuppiter
646 716 686 780 ab
708 713 786 796 Ida).
830 709 864 782 Ξ
881 720 941 782 225
963 707 1060 777 λίπεν
1082 707 1155 796 ῥίον
1181 707 1311 797 Οὐλύμ-

142 843 241 888 noto:
269 815 301 908 (ἡ
326 820 444 909 διπλῆ)
468 819 520 888 ὅτι
542 814 620 906 δ’ρος
642 813 864 904 δ”Ολυμπος
892 819 929 886 τδ
958 819 1020 908 γὰρ
1049 816 1121 907 ῥίον
1142 813 1237 899 ἰδίως
1257 816 1309 887 ἐπ’

142 922 242 1015 δρους
266 921 431 994 τάσσεται.
484 934 516 992 Τ
542 937 601 996 114
627 923 699 1013 ῥίον
730 922 945 1011 Οὐλύμποιοτ
975 926 1061 1012 πρὸς
1085 925 1126 993 τὰ
1153 927 1312 1014 περὶτοῦ

140 1030 322 1119 Ὀλύμπου.
364 1036 403 1103 In
423 1037 480 1103 illo
503 1059 596 1103 versu
624 1037 703 1118 μαῖα
731 1030 763 1101 δ’
787 1031 836 1100 ἔτι
857 1034 933 1122 ξυνη
956 1030 1090 1100 πάντων
1111 1032 1168 1101 καί
1184 1036 1313 1124 μακρὸς

134 1139 310 1228 Ὄλυμπος
337 1147 381 1227 (O
414 1149 482 1229 193)
514 1168 555 1210 ne
582 1145 653 1229 quis
680 1145 843 1231 intelligat
874 1144 1046 1229 Olympum
1074 1148 1162 1210 extra
1193 1149 1311 1212 terram

141 1256 234 1340 poni,
254 1254 333 1320 haee
355 1257 502 1334 annotat,
529 1275 610 1338 quae
631 1274 733 1338 paene
756 1253 901 1338 argutiae
922 1252 1128 1318 videbuntur:
1161 1247 1181 1338 η
1206 1252 1313 1340 διπλῆ

143 1357 195 1427 ὅτι
210 1358 360 1448 συναφὴς
373 1362 412 1450 τῇ
427 1353 650 1450 γῇὈλυμπος
664 1353 710 1437 ὡς
731 1350 772 1422 tt
794 1351 885 1442 δρας·
903 1355 942 1424 τὸ
960 1355 996 1424 δὲ
1011 1354 1130 1440 ὅμοιον
1147 1357 1311 1448 πεποίηκε

141 1465 199 1533 καί
224 1463 259 1532 ἒν
277 1461 453 1556 Ὀδυσσείᾳ
478 1459 643 1553 ,ναιετάω
670 1459 702 1531 δ’
726 1459 863 1553 Ἰθάκην
892 1459 1075 1544 εὐδείελον,
1110 1463 1145 1532 ἐν
1172 1462 1206 1533 δ’
1234 1462 1312 1552 ὅρος

143 1570 250 1665 arleff
271 1579 298 1660 (ι
319 1580 380 1661 21).
421 1569 577 1663 κεχάρικε
604 1571 667 1659 γὰρ
691 1569 729 1638 τὸ
754 1567 833 1659 δ’ρος
852 1577 913 1661 της
931 1568 1079 1660 Ἰθάκης,
1113 1567 1171 1656 οὐχ
1197 1568 1242 1654 ὥς
1263 1574 1310 1663 μη

142 1676 181 1749 δν
202 1676 254 1749 ἐπ’
279 1676 393 1770 αὐτῆς,
414 1677 572 1768 καθάπερ
594 1680 651 1748 καί
671 1679 728 1748 τὸν
740 1675 933 1764 Ὄλυμπον,
958 1677 1108 1767 ἐπίγειον
1129 1675 1222 1762 ύντοι,
1253 1686 1313 1771 τῆς

142 1794 215 1878 γῆς·
249 1784 279 1856 εἰ
304 1789 366 1877 μὰρ
392 1785 410 1856 δ
438 1784 537 1869 αὐτὸς
559 1794 607 1877 τῷ
633 1784 763 1876 οὐρανῷ
785 1783 808 1877 ἢ
828 1786 930 1876 μέρος
950 1783 1165 1874 ἐπουράνιον,
1190 1783 1251 1857 οὐκ
1272 1784 1313 1856 άν

142 1895 266 1984 κοινός,
292 1891 366 1965 ἀλλ’
389 1892 479 1976 ἴδιος
498 1902 558 1965 τοῦ
578 1894 663 1976 Διός
689 1902 728 1982 (ν.
753 1903 833 1983 192).
869 1898 959 1965 Haec
979 1900 1100 1984 aptius:
1132 1901 1161 1960 Y
1180 1905 1220 1968 58
1241 1903 1312 1966 Πο-

142 2002 286 2073 σειδάων
314 2001 458 2088 ἐτίναξεν
482 2009 579 2091 μαῖαν
604 2000 796 2094 ἀπειρεσίην
821 2000 927 2092 ὀρέων
951 2000 978 2071 τ’
1007 1999 1144 2071 αἰπεινὰ
1170 2000 1313 2094 κάρηναε

142 2109 175 2203 (ἡ
200 2114 317 2202 διπλῆ)
339 2111 392 2181 ὅτι
414 2111 575 2181 διέστειλε
594 2117 654 2203 τῆς
675 2122 733 2203 γῆς
752 2113 793 2179 τὰ
816 2106 890 2201 δρη,
920 2109 965 2193 ὡς
989 2109 1059 2180 ἐκεῖ
1081 2116 1182 2200 ,μαῖα
1209 2106 1240 2178 δ’
1263 2109 1313 2180 ἔτι

142 2220 219 2310 ξυνὴ
234 2221 367 2288 πάντων
386 2220 443 2288 καί
456 2215 796 2308 μακρὸςὈλυμπος“.
826 2222 909 2290 Item
926 2224 988 2288 hoo
1005 2220 1075 2302 ζ42
1095 2214 1309 2304 Ούλυμπόνδ
1324 2227 1395 2299 (170)

142 2327 206 2399 ὅθι
223 2329 306 2420 φασὶ
319 2333 412 2396 θεῶν
429 2327 506 2409 ἕδος
520 2354 575 2396 —-.·
597 2323 627 2394 ei
647 2327 707 2413 μὲν
724 2330 810 2417 πρὸς
832 2324 972 2416 ούρυνὸν
993 2327 1031 2396 τὸ
1054 2325 1118 2396 ὅθι
1140 2325 1235 2417 φασί,
1259 2333 1314 2395 νύν

143 2432 203 2504 ούκ
224 2433 290 2519 iicet
311 2438 435 2517 καλῶς·
458 2432 535 2504 οὐδὲ
556 2436 618 2524 γὰρ
641 2434 698 2504 ἐπί
716 2432 833 2504 τούτου
850 2431 997 2517 διστάζει
1018 2439 1110 2522 (puto
1130 2429 1314 2503 διστάσειεν

142 2539 195 2631 δν)
225 2540 243 2611 δ
271 2543 413 2632 ποιητὴς
438 2542 543 2630 λέγων
569 2540 632 2612 ὅθι
658 2540 774 2634 φασίν·
810 2539 840 2610 εἰ
868 2543 905 2610 δὲ
934 2543 1020 2629 πρὸς
1045 2543 1081 2611 τό
1111 2542 1314 2629 καλούμενον

143 2650 247 2731 ούτως
267 2647 354 2736 ὄρος,
379 2646 492 2719 καλόν.
529 2654 660 2722 Scholia
674 2655 714 2720 ad
737 2652 756 2733 ζ
767 2660 816 2722 42.
840 2662 889 2722 44.
913 2661 953 2721 45
974 2655 1067 2739 plura
1087 2653 1210 2721 habent
1231 2677 1313 2739 quae

143 2785 182 2828 ex
196 2762 400 2828 Aristarchoo
421 2761 510 2828 fonte
533 2785 602 2828 esse
624 2785 710 2828 nuno
730 2762 823 2827 facile
846 2761 949 2846 quivis
972 2766 1134 2845 agnoscet.
1167 2749 1310 2830 'Omnino

142 2871 176 2934 in
190 2892 225 2935 re
240 2869 433 2954 gravisuma,
456 2893 538 2955 quae
553 2893 641 2936 acres
655 2871 781 2936 videtur
795 2869 993 2936 adversarios
1012 2870 1173 2951 habuisse,
1194 2892 1313 2957 magna

141 3000 240 3063 parva
266 2977 412 3045 attendit.
455 2977 542 3045 Scite
564 2978 735 3058 monitum,
763 2999 957 3062 quamquam
985 2976 1091 3043 solum
1111 3001 1169 3063 per
1190 3001 1224 3044 se
1246 3000 1312 3043 non

141 3085 301 3170 probaret,
324 3085 365 3151 ad
387 3107 402 3149 ε
424 3093 463 3154 55
484 3087 541 3152 ubi
562 3086 712 3153 Mercurii
733 3088 774 3151 ad
797 3087 1009 3171 Calypsonem
1029 3085 1091 3151 iter
1113 3086 1312 3172 depingitur:

141 3189 227 3273 πρὸς
247 3190 289 3256 τὰ
311 3189 388 3279 περὶ
406 3180 577 3277 Ὀλύμπου
599 3188 832 3277 σεσημείωται·
856 3186 886 3257 εἰ
906 3189 966 3276 γάρ
987 3189 1034 3278 μὴ
1058 3185 1127 3258 ἀπὸ
1152 3192 1312 3259 Μακεδο-

141 3297 215 3378 νίας
236 3295 254 3366 δ
277 3297 359 3377 θεὸς
379 3296 513 3389 ἐξορμᾷ,
537 3295 611 3366 ἀλλ’
637 3294 768 3365 άνωθεν
790 3297 827 3380 ἐξ
847 3293 1002 3384 ούρανοῦ,
1035 3293 1095 3366 οὐκ
1117 3293 1158 3366 δν
1178 3297 1310 3386 πολλὴν

141 3405 309 3493 ἐπῆλθεν,
339 3404 401 3485 ἕως
428 3403 475 3485 είς
499 3406 556 3496 την
582 3411 682 3495 νῆσον
702 3404 943 3496 παραγένηται,
972 3401 1045 3474 άλλ>
1069 3402 1171 3486 εύθδς
1191 3406 1311 3494 βουλη-

143 3513 218 3592 θείς
248 3514 332 3580 κατὰ
363 3509 509 3581 κάθετον
539 3513 713 3601 γενόμενος
739 3521 788 3601 (ut
808 3518 952 3583 Minerva
983 3521 1014 3578 T
1036 3519 1117 3601 350).
1161 3517 1311 3583 Ceterum

142 3624 349 3691 Macedoniae
370 3629 515 3691 montom
535 3627 668 3692 indicari
689 3626 740 3692 his
760 3626 841 3690 locis
863 3624 1037 3711 colligitur.
1073 3628 1113 3688 A
1133 3629 1193 3692 593
1215 3622 1310 3707 (κάπ-

141 3753 245 3796 πεσον
266 3728 301 3796 ἐν
322 3724 467 3820 Λήμνῳ)
495 3730 580 3814 πρὸς
606 3729 646 3795 τὰ
673 3729 750 3818 περὶ
768 3726 954 3813 Ὀλύμπου·
982 3724 1186 3816 παράκειται
1206 3728 1268 3816 γὰρ
1291 3725 1311 3818 ἡ

141 3842 283 3926 Λῆμνος
303 3841 342 3928 τῇ
366 3832 488 3928 Θρᾴκη.
524 3836 635 3909 Ξ226
649 3836 738 3926 Ἥρη
762 3833 793 3903 δ’
818 3833 940 3919 ἀίξασα
963 3834 1059 3904 λίπεν
1081 3833 1154 3924 ῥίον
1180 3830 1313 3920 Ούλύμ-

142 3969 235 4026 ποιο,
259 3941 399 4033 Πιερίην
422 3940 454 4011 δ’
481 3944 628 4031 ἐπιβᾶσα
649 3946 706 4013 καί
726 3941 900 4034 Ἠμαθίην
922 3939 1103 4034 ἐρατεινήν,
1125 3939 1233 4011 σεύατ’
1258 3937 1310 4033 ἐφ’

142 4048 346 4120 ἱπποπόλων
364 4055 499 4142 Θρῃκῶν
520 4048 600 4141 ’σ’ρεα
622 4051 796 4143 νιφόενταε
818 4051 850 4142 (ἡ
869 4054 986 4141 διπλῆ)
1000 4050 1062 4139 ,ὅτι
1077 4050 1314 4129 Μακεδονικὸς

133 4155 310 4244 Ὄλυμπος
335 4165 426 4227 θεῶν
456 4155 660 4250 οίκητηριον·
694 4190 713 4251 η
745 4161 806 4248 γὰρ
833 4157 957 4247 Πιερία
986 4156 1105 4229 τούτου
1131 4154 1308 4247 άκράρεια,
1330 4180 1377 4232 167

143 4267 200 4334 καί
217 4262 374 4352 Ἠμαθία
394 4267 431 4336 τὸ
458 4265 619 4355 πρότερον
644 4266 664 4359 η
690 4266 890 4337 Μακεδονία
916 4267 1081 4336 ἐκαλεῖτο·
1111 4264 1313 4356 παράκειται

143 4372 252 4443 δὲκαὶ
273 4373 294 4464 ἡ
313 4369 434 4468 Θρηίκη.
468 4374 525 4444 καί
546 4374 581 4444 ἐν
600 4371 776 4466 Ὀδυσσείᾳ
797 4381 824 4462 (ε
839 4383 891 4463 50)
914 4374 971 4446 ἐπί
991 4383 1050 4446 τοῦ
1066 4373 1187 4464 Ἑρμοῦ
1204 4380 1312 4456 ,,Πιε-
