3046 4980
218 344 278 408 320
643 337 689 394 IV.
714 337 755 394 Dc
773 338 907 409 prosodia

213 504 357 582 Quodis
382 527 420 569 ex
447 505 536 571 codd.
556 505 694 571 hucretii
714 506 746 573 V
768 513 827 575 743
849 506 959 572 attulit
978 504 1135 586 Euchios,
1160 507 1194 571 iu
1217 528 1254 571 eo
1277 527 1379 592 agno-

213 613 329 678 scimus
365 612 584 678 incredibilem
621 615 835 681 recentiorum
870 613 983 679 Latine
1022 612 1224 696 loquentium
1264 605 1380 698 ἀγροι-

211 714 303 796 κίαν,
342 719 398 804 qui
425 720 476 786 vel
505 721 622 788 michi
652 727 686 788 et
718 722 840 788 nichil
867 720 1067 786 adsciverant
1094 719 1201 804 (Apul.
1233 719 1272 785 de
1302 725 1380 785 nota

212 827 306 913 aspir.
328 832 393 911 45):
423 828 511 912 quod
537 829 643 914 ipsum
664 852 792 915 quoquc
812 830 846 894 in
868 829 1031 895 codicibus
1053 831 1103 892 est
1123 829 1163 909 (v.
1185 826 1287 892 Perta.
1307 826 1380 894 lal.

212 934 308 1000 Reise
329 958 360 1020 p.
384 939 444 1018 56).

129 1053 199 1124 (aaa)
295 1041 361 1109 Sed
391 1042 602 1110 subsistamus
632 1045 806 1130 paullisper
841 1045 875 1110 in
908 1043 966 1110 illo
996 1043 1173 1109 Herodiani
1207 1047 1380 1129 praecepto

211 1143 282 1228 „etc
297 1142 334 1215 οά
352 1148 403 1214 δεῖ
415 1147 456 1215 τὰ
475 1149 702 1230 σχειλιαστικά
725 1155 787 1216 τῶν
810 1147 1040 1239 έπιῤῥημάιων
1060 1147 1116 1214 καί
1137 1142 1282 1228 εὐκτικά,
1308 1139 1381 1215 οἷον

212 1251 291 1322 odda*
312 1254 353 1322 τὰ
374 1255 517 1341 βακχικὰ
541 1258 584 1341 (h.
607 1281 631 1324 e.
652 1259 893 1326 interiectiones
915 1282 1039 1340 omnes,
1065 1258 1161 1323 Dion.
1185 1279 1232 1343 gr.
1253 1280 1284 1342 p.
1306 1261 1379 1341 642)

209 1357 277 1430 ὑπὸ
298 1363 356 1451 τὴν
378 1358 522 1446 ἔντεχνον
543 1359 753 1430 ἀκολουθίαν
775 1360 903 1452 (tyrow.
942 1367 1015 1432 Hoc
1036 1371 1073 1431 ut
1092 1366 1155 1430 hoc
1174 1365 1246 1431 loco
1268 1365 1302 1429 in
1324 1365 1379 1430 ad-

212 1473 386 1557 spiratione
402 1474 550 1541 adhibuit
563 1475 609 1539 sic
630 1473 707 1539 alibi
728 1475 763 1540 in
784 1475 1010 1542 constituendo
1033 1477 1174 1539 accentu.
1213 1472 1319 1558 Etym.
1334 1471 1378 1540 M.

212 1602 236 1645 ε.
259 1573 316 1646 lul:
339 1570 409 1645 εἶτα
430 1578 468 1646 τὸ
491 1572 518 1646 ὦ
539 1585 756 1666 περισπᾶται,
778 1581 817 1649 τὸ
840 1575 939 1648 ddici
962 1574 1111 1662 ὀξύνεται
1125 1621 1175 1645 -.
1198 1571 1286 1644 ἀλλά
1308 1601 1379 1659 σχε-

210 1685 400 1755 τλιαστικὸν
425 1687 481 1755 καί
506 1689 719 1775 βακχευτικὸν
745 1685 804 1771 οάχ
833 1684 1021 1757 ὑποπίπτει
1048 1681 1220 1776 ἀναλογίᾳ.
1262 1687 1379 1754 Arcad

211 1819 242 1881 p.
267 1802 324 1866 183
355 1795 396 1861 τά
430 1790 478 1874 είς
510 1821 544 1863 οι
569 1797 628 1865 καί
658 1793 706 1877 είς
732 1823 769 1866 αι
795 1794 1025 1880 σχετλιαστικά
1055 1791 1258 1882 παραλόγως
1282 1818 1380 1881 περι-

211 1908 367 1973 σπῶνται,
409 1906 552 1972 Manavit
581 1907 644 1974 hoc
669 1908 710 1974 ad
736 1908 961 1996 grammaticos
987 1907 1128 1973 Latinos.
1158 1904 1310 1970 Priscian.
1339 1905 1378 1968 de

211 2035 275 2081 acc.
297 2015 351 2081 fin.
373 2013 573 2095 „Interiectio
596 2016 718 2082 nullam
739 2015 883 2101 regulam
906 2016 1032 2095 retinet,
1053 2018 1162 2080 tamen
1183 2013 1219 2077 in
1238 2011 1303 2078 fine
1324 2011 1378 2076 vel

211 2120 245 2185 in
266 2121 372 2187 medio
395 2123 532 2207 acuitm,
556 2126 594 2190 ut
614 2146 729 2209 papae,
759 2129 864 2188 evax“.
906 2122 952 2189 ld.
975 2121 1053 2190 Inst.
1076 2143 1208 2208 gramm.
1229 2119 1290 2186 XV
1311 2141 1337 2184 c.
1359 2126 1377 2185 7

211 2227 358 2312 „Optime
379 2232 487 2294 tamen
510 2230 548 2295 de
569 2232 754 2296 accentibus
777 2252 889 2296 eorum
911 2231 1019 2296 docuit
1032 2230 1181 2296 Donatus
1205 2228 1293 2313 quod
1312 2249 1380 2292 non

212 2339 288 2401 sunt
313 2337 400 2402 certi.
443 2337 569 2423 Quippe
590 2360 663 2405 cum
685 2344 718 2406 et
738 2338 927 2405 abscondita
947 2360 1049 2418 voce,·
1069 2337 1104 2403 id
1125 2340 1175 2402 cst
1195 2358 1262 2401 non
1281 2334 1379 2420 plane

213 2465 373 2529 expressa,
401 2444 616 2530 proferantur,
643 2450 677 2512 et
702 2468 761 2532 pro
787 2446 920 2513 affectus
947 2445 1099 2512 commoti
1121 2443 1278 2529 qualitate
1300 2464 1379 2508 con·

212 2551 387 2617 fundantur
406 2554 441 2618 in
461 2555 507 2619 eis
529 2558 704 2624 accentus“.
751 2553 974 2640 Intelligentcr
1004 2553 1084 2619 haec
1106 2552 1168 2618 dici
1189 2550 1280 2617 facile
1302 2572 1380 2616 con-

213 2659 355 2726 cedimus
383 2661 501 2746 quippe
528 2662 584 2746 qui
615 2662 667 2728 vel
684 2656 913 2727 ’Ἀπολλον233
940 2666 973 2728 et
1002 2656 1149 2726 δέσποτα
1170 2659 1264 2724 illum
1284 2680 1379 2725 suum

147 2784 196 2836 325
213 2768 401 2834 abnormem
422 2773 589 2836 accentum
609 2769 813 2836 homunculis
833 2769 1053 2854 potentiorum
1073 2768 1126 2834 vel
1147 2789 1240 2854 opem
1262 2765 1379 2851 implo-

211 2876 357 2941 rantibus
378 2876 430 2942 vel
450 2879 616 2944 saevitiam
636 2878 954 2964 perhorrescentibus
982 2877 1091 2948 deberi
1112 2876 1304 2942 arbitramur
1325 2873 1378 2955 (cf.

211 2981 333 3049 Buttm.
355 3004 402 3069 gr.
424 3007 455 3069 p.
480 2991 537 3053 179
560 2985 607 3072 <1²
627 3009 659 3071 p.
683 2986 780 3071 176>).
822 2986 927 3064 Quare
946 2985 1173 3070 aspirationem
1195 3003 1324 3068 quoque
1344 2981 1379 3045 iu

211 3089 276 3155 illis
297 3093 502 3170 „naturaliter
517 3092 691 3174 effutitiis“,
711 3097 749 3158 ut
763 3093 841 3158 scite
856 3116 875 3159 a
889 3092 1034 3159 Varrone
1055 3095 1210 3158 vocantur
1231 3091 1283 3172 (de
1297 3089 1378 3174 ling.

211 3197 265 3263 lat.
281 3197 343 3264 VH
358 3207 376 3266 5
391 3223 421 3285 p.
441 3198 523 3283 369),
546 3205 708 3266 commoto
723 3201 974 3285 perturbateque
992 3200 1100 3266 animo
1121 3201 1261 3266 debitam
1283 3219 1378 3281 saepe

211 3305 332 3390 regulis
360 3310 518 3372 exemtam
545 3330 614 3374 esse
640 3313 892 3397 consentaneum
919 3312 976 3376 est.
1016 3308 1061 3375 cf.
1089 3308 1241 3374 Priscian.
1269 3304 1285 3370 I
1311 3327 1336 3374 c.
1360 3311 1379 3372 5

211 3433 241 3495 p.
263 3419 303 3480 25
324 3413 379 3479 Kn
402 3416 440 3481 de
462 3415 524 3481 aha
542 3420 575 3481 et
595 3415 684 3482 vaha.
727 3416 823 3501 Apul.
849 3418 888 3482 de
913 3420 980 3481 not.
1004 3418 1132 3501 aspirat.
1162 3417 1200 3482 de
1226 3414 1268 3479 ha
1290 3414 1310 3498 Q
1334 3420 1380 3493 10,

213 3520 251 3584 de
282 3521 334 3586 hei
361 3523 380 3607 ἕ
404 3531 454 3604 14,
482 3525 520 3591 dc
541 3525 617 3591 hem
642 3525 662 3609 Q
687 3531 738 3604 16,
770 3525 808 3590 de
835 3525 974 3590 houset
1002 3524 1067 3590 heu
1093 3525 1112 3609 ἕ
1138 3530 1187 3592 26.
1228 3520 1379 3588 Eustath.
1472 3519 1475 3525 ’

211 3650 241 3712 p.
264 3633 332 3710 855,
354 3636 391 3698 19
415 3624 523 3696 ἰστέον
544 3628 581 3696 δέ
603 3627 655 3698 ὅτι
677 3627 810 3718 εὕρηται
831 3629 924 3716 παρὰ
945 3633 1016 3709 τοῖς
1037 3629 1198 3708 παλαιοῖς
1217 3627 1254 3695 τὸ
1278 3619 1300 3692 ἀ
1322 3624 1380 3694 καί

211 3732 295 3815 μετὰ
317 3733 437 3816 δασέος
461 3731 649 3823 πνεύματος
676 3737 734 3805 καί
759 3732 870 3818 ὀξείας
889 3734 1152 3829 προφερόμενον.
1195 3735 1252 3805 καί
1272 3737 1381 3802 κεῖται

212 3838 247 3906 έν
267 3838 408 3934 ἕπιλογῇ
436 3843 554 3927 λέξεων
585 3840 721 3936 ἀρχαίᾳ,
750 3843 802 3915 ὅτι
825 3838 848 3911 ἀ
875 3841 896 3913 ἀ
923 3844 1089 3914 cacavell
1117 3843 1244 3933 γέλωτα
1274 3844 1379 3932 δηλοῖ.

213 3950 259 4018 Gt
285 3950 430 4039 Suidam,
459 3957 514 4040 qui
544 3957 638 4022 docet
664 3950 687 4020 ἀ
716 3952 948 4037 θαυμαστικόν
979 3957 1076 4025 etiam
1105 3956 1247 4041 aspirari.
1290 3951 1379 4032 Quae

131 4070 202 4142 (340)
215 4059 323 4124 omnia
354 4083 426 4127 cum
455 4066 624 4132 vernaculo
656 4085 800 4130 sermone
833 4065 965 4132 mirifice
995 4065 1189 4151 conspirant.
1214 4101 1255 4111 -
1283 4060 1380 4128 Nunc

212 4165 347 4234 fortasse
372 4169 603 4258 intelligemus,
635 4195 699 4258 quc
727 4171 937 4239 fundamento
964 4173 1121 4255 nitantur,
1154 4195 1236 4258 quae
1264 4171 1302 4238 de
1328 4162 1380 4235 ίού

278 4407 317 4449 2⁸3
330 4397 472 4463 ’Ἄπολλον
489 4403 545 4478 ἔφη
564 4400 729 4479 ἀναβοήσας
744 4407 794 4463 καὶ
812 4399 882 4463 θεοί
897 4404 1005 4463 Heliod.
1023 4406 1153 4478 Aethiop.
1173 4407 1199 4462 Π
1216 4412 1256 4464 99.
