3008 4980
276 344 299 396 5.
329 337 370 392 De
387 336 524 425 perveneie
542 337 761 409 chorographiae
778 338 858 394 Hom.
876 337 1161 409 interpretationibus·
1241 345 1302 408 237

137 499 346 571 ἐπιπολαίαν
364 495 466 569 οὖσαν
488 501 521 570 έν
542 508 630 571 πᾶσι
649 508 720 584 τοῖς
739 500 872 573 ἐθνεσιν
885 507 937 574 ¹⁴⁸.
967 507 1068 575 Stoici
1088 508 1232 594 vestigiis
1253 507 1303 572 in·

135 613 220 678 stitit
235 612 384 693 Creten,
407 615 445 678 de
463 636 528 698 quo
547 617 611 680 iam
626 615 802 696 dicendum,
822 617 910 700 quod
929 616 967 680 de
983 615 1178 681 Callimacho
1194 615 1301 700 aliquo

134 720 208 786 loco
224 720 456 805 Apollodorus:
476 723 547 799 τοῖς
566 718 626 804 μὲν
648 714 765 799 ἄλλοις
779 717 970 809 συγγνώμην
984 712 1080 801 εἶναι,
1097 717 1303 807 Καλλιμάχῳ

136 824 173 892 δέ
199 825 245 915 μὴ
273 826 375 908 πάνυ,
405 826 735 916 μεταποιονμένῳ
763 853 803 914 γε
831 832 1138 918 γραμματικῆς.’
1160 830 1209 896 De
1234 827 1384 900 for-(247)

134 959 187 1002 ma
208 940 311 1003 terrae
333 938 462 1022 qualem
484 938 585 1006 Stoici
608 942 640 1003 et
658 937 768 1005 Crates
789 940 851 1005 sibi
872 940 1022 1006 finxerint
1043 943 1077 1005 et
1096 943 1134 1005 ut
1153 938 1303 1004 Homeri-

137 1067 191 1110 eos
212 1044 309 1123 locos,
333 1046 465 1112 ethaeo
488 1048 527 1112 de
548 1045 688 1111 Menelai
710 1048 871 1113 erroribus
893 1052 926 1113 et
947 1048 1022 1130 alia,
1048 1047 1088 1113 ad
1108 1047 1192 1112 hano
1213 1068 1303 1111 suam

134 1153 310 1238 imaginem
324 1154 642 1234 accommodaverim,
663 1156 820 1240 quaedam
834 1178 936 1241 nuper
949 1158 1032 1222 bene
1051 1155 1199 1241 exposuit
1217 1153 1303 1218 Lub-

134 1262 208 1326 bert
234 1261 268 1325 in
294 1261 378 1327 Mus.
399 1261 502 1330 Rhen.
524 1285 551 1327 a.
577 1268 654 1330 1857
682 1263 717 1328 in
744 1264 1024 1330 dissertatiuncula
1052 1263 1207 1347 inscripta
1232 1283 1305 1341 „zur

137 1368 391 1434 Charakteristik
428 1370 482 1435 des
515 1369 630 1436 Krates
662 1392 726 1436 von
760 1371 904 1440 Mallos“.
952 1370 1047 1450 Quod
1076 1372 1117 1436 ad
1147 1370 1304 1435 Erembos

141 1477 258 1542 attinet
279 1477 389 1543 Grates
410 1498 469 1561 pro
492 1476 640 1544 Erembis
668 1481 843 1563 quaerebat
862 1502 929 1545 non
951 1480 1075 1545 Ambae
1099 1478 1227 1562 quidem
1249 1475 1306 1541 sed

132 1575 323 1669 Ἐρεμνοός,
347 1585 367 1652 i.
384 1607 409 1650 e.
430 1589 525 1665 atros,
544 1583 642 1652 Indos
663 1586 847 1673 intelligens
870 1589 908 1668 (τ.
923 1585 1063 1670 seh.¹⁴⁹).
1099 1585 1164 1651 Alii
1180 1576 1305 1668 Ἀράμ-

135 1694 229 1776 βονς,
260 1691 394 1759 fortasse
420 1695 458 1757 ut
483 1693 523 1757 ad
548 1693 673 1758 Arabas
706 1694 839 1780 propius
865 1694 1061 1760 accederent.
1108 1693 1197 1758 Haeo
1222 1694 1304 1758 ratio

135 1796 316 1864 Homerum
338 1799 378 1865 ad
399 1799 642 1866 similitudinem
662 1802 850 1885 posterioris
872 1801 1026 1886 temporis
1045 1801 1306 1867 accommodandi

136 1929 201 1992 quo
230 1908 345 1974 ducere
374 1908 520 1972 debuerit
546 1909 611 1972 iam
643 1931 680 1974 ex
706 1909 746 1974 iis
773 1932 856 1994 quae
878 1909 981 1975 edhue
1004 1909 1234 1993 disputavimus
1255 1908 1306 1972 in·

138 2015 245 2101 telligi
272 2019 389 2100 potest.
432 2016 587 2081 Attamen
610 2016 755 2102 exempla
779 2009 937 2084 habemus
959 2017 1051 2101 quasi
1072 2017 1114 2081 ad
1135 2010 1307 2082 dehorten·
1387 2028 1391 2033 ’

139 2125 215 2189 dum
238 2124 390 2208 exposita.
429 2122 466 2189 Il.
485 2127 516 2186 B
534 2130 594 2193 508
614 2147 725 2190 versus
746 2129 808 2191 est:

278 2225 390 2294 Νῖσόν
410 2254 445 2295 τε
468 2226 593 2317 ζαθέην
611 2225 811 2320 Ἀνθηδόνα
824 2226 850 2297 τ’
876 2227 1093 2313 ἐσχατόωσαν.

135 2339 197 2405 llla
221 2337 302 2405 Nisa
330 2338 455 2424 aliquot
488 2339 624 2406 saeculis
649 2344 724 2426 post
752 2363 912 2426 nusquam
942 2346 1018 2409 erat.
1061 2341 1146 2419 Quid
1165 2342 1307 2431 agitant?

137 2447 252 2513 Strabo
274 2445 319 2512 IX
339 2469 368 2530 p.
390 2454 450 2516 405
473 2441 614 2534 πλησίον
637 2441 668 2512 δ’
693 2444 780 2513 ἐστίν
799 2443 1004 2535 Ἀνθηδόνος
1025 2443 1229 2534 ἱεροπρεπὴς
1248 2440 1305 2513 τό·
1322 2460 1370 2511 241

136 2575 202 2631 πος
221 2556 281 2639 της
301 2549 481 2632 Βοιωτίας,
505 2546 576 2641 ἴχνη
598 2553 729 2633 πόλεως
748 2550 843 2636 έχων,
869 2550 887 2622 ὁ
909 2551 1114 2639 καλούμενος
1126 2550 1225 2634 ’Ίοος,
1249 2578 1304 2621 ον-

138 2657 284 2728 στέλλων
308 2657 368 2749 τὴν
389 2655 522 2749 πρώτην
544 2661 718 2752 συλλαβήν.
761 2657 891 2729 οἴονται
912 2661 951 2730 δέ
970 2687 1056 2743 τινες
1077 2664 1145 2731 δεῖν
1167 2657 1307 2753 γράφειν

270 2758 361 2835 Ἴσον
381 2793 417 2835 τε
436 2764 562 2857 ζαθέην
581 2764 771 2859 Ἀνθηδόνα
792 2765 818 2836 τ’
843 2767 1062 2854 ἐσχατόωσαν,

138 2871 334 2956 ἐκτείνοντες
363 2875 423 2965 τὴν
454 2874 588 2967 πρώτην
615 2876 782 2966 συλλαβὴν
810 2884 994 2967 ποιητικῶς
1023 2878 1081 2947 διὰ
1107 2878 1145 2949 τὸ
1174 2875 1303 2967 μέτρον,

139 2978 212 3050 ἀντὶ
233 2988 292 3052 τοῦ

280 3087 390 3160 Νῖσοίν
410 3117 445 3160 τε
468 3089 593 3182 ζαθέην
614 3135 663 3163 -.

137 3197 158 3288 η
182 3199 244 3288 γὰρ
259 3205 350 3269 Νῖσα
373 3197 524 3287 οὐδαμοῦ
545 3199 701 3292 φαίνεται
721 3207 781 3292 τῆς
797 3204 971 3284 Βοιωτίας,
996 3200 1041 3282 dg
1061 3227 1163 3292 φησιν
1180 3197 1306 3272 Ἀπολ-

139 3309 287 3396 λόδωρος
308 3309 343 3377 ἐν
364 3314 434 3390 τοῖς
454 3309 532 3398 περὶ
552 3315 645 3377 νεῶν·
669 3307 755 3396 (ὥστ’
780 3306 841 3380 οὐκ
863 3306 916 3399 dv)
938 3307 1006 3401 εἴη,
1027 3307 1057 3378 εί
1077 3311 1122 3399 μὴ
1144 3312 1204 3401 τὴν
1217 3307 1307 3379 ’Ίοον

140 3413 244 3497 οὕτως
265 3411 401 3508 ε’ίρηκεν.
443 3409 484 3507 η’ν
505 3417 567 3505 γὰρ
583 3419 615 3507 (ἡ
628 3413 719 3499 ’Ἰσος
731 3419 832 3500 πόλις
846 3417 882 3487 ἐν
894 3424 946 3511 τῇ)
969 3425 1158 3512 Μεγαρικῇ,
1179 3418 1309 3487 ἐκεῖθεν

140 3520 355 3614 ἀπῳκισμένη
377 3521 585 3615 πρόσ(χωρος
604 3531 664 3594 τοῦ
684 3531 928 3618 Κιθαμρῶνος,
952 3526 1163 3596 ἐκλέλειπται
1186 3525 1222 3596 δέ
1243 3531 1310 3598 νῦν.

138 3632 225 3714 τινές
246 3633 283 3701 δέ
304 3627 471 3724 γροίφοοοι
612 3640 614 3645 ’

283 3736 436 3828 Κρεῦοοίν
457 3765 492 3808 τε
514 3740 650 3832 ζαθέην,

139 3847 199 3938 τὴν
220 3855 272 3916 νῦν
293 3848 466 3936 Κρέουσαν
488 3846 660 3936 δεχόμενοι
679 3849 716 3918 τὸ
743 3857 809 3919 τῶν
834 3851 1007 3920 Θεσπιέων
1034 3850 1180 3921 ἐπίνειον
1207 3850 1242 3920 ἐν
1262 3855 1309 3940 τῷ

140 3953 313 4047 Κροσσαίη]
333 3951 451 4047 κόλπῳ
473 3954 661 4043 ἱδρυμένον·
683 3953 783 4028 δίλλοι
800 3958 838 4028 δέ

288 4061 401 4155 Φηράς
421 4091 457 4132 τε
480 4065 608 4148 ζαθέας
628 4111 677 4138 -.

141 4239 347 4252 -.—--

210 4338 248 4378 148
263 4327 419 4408 ’θρόμβους
436 4353 487 4407 pro
505 4336 605 4391 Arabis
623 4336 695 4392 dixit
712 4339 811 4393 auctor
828 4337 930 4407 Cyneg.
950 4341 975 4393 A
994 4342 1050 4394 172.
1068 4342 1095 4393 I'
1111 4343 1151 4394 29.

210 4421 248 4463 1⁴⁹
265 4419 305 4478 cf.
324 4420 360 4475 de
377 4420 489 4478 Oratete
505 4421 562 4477 seh.
581 4440 600 4492 γ
617 4427 674 4480 293.
