3008 4980
520 335 542 384 3.
569 330 722 385 Aristarchi
739 330 932 400 etymologiae.
1247 335 1305 398 143

136 500 197 563 354
226 494 278 577 (cf.
301 501 334 561 et
354 495 385 562 V
405 497 446 561 ad
472 494 594 577 5174)
620 521 639 562 τ
665 504 703 566 37
725 497 793 577 (ubi
813 519 843 563 v.
863 499 897 560 et
916 496 1031 579 linet).
1078 495 1171 574 Quod
1198 496 1233 561 in
1254 495 1305 560 his

135 603 343 687 (quamquam
367 610 429 690 e'go
451 604 611 688 improbo)
632 627 784 692 magnam
804 605 903 670 habet
917 603 1062 669 veritatis
1076 605 1228 689 speciem3
1250 603 1306 669 sed

134 710 212 775 hinc
233 733 253 774 a
272 710 440 777 vilioribus
461 712 652 797 quibusdam
674 713 890 800 grammaticis
911 713 1021 799 inepte
1043 713 1235 779 translatum
1257 714 1306 776 est

136 818 177 882 ad
192 814 225 886 Ξ
238 825 265 885 1.
298 825 399 888 2205.
432 822 476 884 M
495 825 555 889 326
572 803 619 902 ¹(v.
641 822 739 886 schol.
759 820 836 899 BL).
861 819 900 886 In
915 821 1026 887 eadem
1039 820 1303 905 interpretatione
1316 819 1386 889 (146)

138 924 254 991 nititur
273 925 369 991 lectio
391 919 498 1014 ἒμπης
517 950 576 1014 pro
598 924 727 1006 adame,
743 923 908 1014 quae-fnit
930 954 956 992 ντ
980 935 1048 997 143.

217 1032 343 1099 Laboro
365 1034 426 1100 hac
447 1036 647 1122 paragrapho
668 1037 703 1102 in
718 1037 925 1102 detrectando
939 1036 1136 1102 Aristarcho.
1162 1035 1226 1102 Sed
1240 1057 1305 1100 non

136 1140 275 1206 multum
296 1141 439 1226 proficio.
467 1141 535 1210 Iam
557 1144 643 1209 enim
666 1144 808 1210 delatum
829 1167 880 1210 mc
902 1145 1007 1210 sentio
1030 1144 1069 1209 ad
1085 1141 1306 1228 etymologica,

137 1269 220 1332 quae
248 1248 276 1312 si
305 1250 412 1314 omnia
440 1250 522 1316 falsa
548 1256 656 1318 essent
680 1274 740 1318 nec
760 1253 948 1318 miraremur
973 1268 1032 1317 neo
1052 1250 1149 1316 hodie
1170 1249 1307 1314 aliorum

136 1356 419 1440 vituperandorum
440 1357 491 1423 ins
511 1359 598 1424 nacti
620 1382 738 1427 snmus.
780 1359 825 1425 llt
846 1361 923 1426 dum
944 1357 1199 1444 etymologias
1220 1357 1306 1423 Ari-

137 1462 286 1528 starchi
299 1485 458 1549 percurro,
480 1489 560 1551 quas
578 1489 668 1533 meos
680 1468 715 1532 in
730 1489 807 1534 usos
822 1468 857 1533 in
871 1490 972 1533 unum
986 1464 1117 1545 contuli,
1139 1465 1242 1530 multa
1255 1465 1306 1529 in-

137 1571 232 1636 venio
253 1573 339 1636 recte
363 1573 532 1639 observata
556 1578 589 1639 et
615 1597 652 1639 cx
674 1575 856 1660 propinquo
877 1576 992 1639 sumta.
1033 1573 1223 1639 Adscribam
1243 1571 1306 1635 alia

138 1700 221 1761 quae
243 1679 324 1746 mihi
345 1679 426 1745 falsa
445 1679 497 1747 vel
518 1680 653 1747 ridicula
672 1682 723 1747 vel
743 1682 880 1747 nimium
893 1681 1016 1747 incerta
1029 1679 1081 1747 vel
1094 1681 1129 1746 in
1143 1700 1306 1746 commen-

137 1787 219 1850 tario
241 1786 413 1872 Homerico
440 1787 601 1872 superflua
624 1788 782 1856 videntur.
825 1787 890 1856 Sed
917 1790 1044 1854 veniam
1063 1787 1256 1872 praefamur,
1277 1784 1305 1851 si
1324 1789 1372 1841 144

139 1893 196 1978 qui
217 1893 314 1958 hodie
336 1895 447 1960 eadem
467 1896 519 1960 vel
539 1895 655 1961 similia
676 1896 742 1962 sive
764 1897 899 1963 credunt
920 1896 987 1962 sive
1007 1894 1151 1961 inlibris
1173 1894 1239 1961 suis
1253 1912 1307 1958 ex·

139 2004 318 2085 posuerunt
339 2000 406 2068 sive
427 2023 544 2087 pucros
565 2003 710 2069 edocent.
751 2002 914 2070 Nolumus
936 2025 1132 2088 quemquam
1144 2001 1215 2087 hoc
1233 2001 1306 2066 loco

139 2111 273 2192 tangere
295 2131 355 2175 neo
374 2109 454 2176 haec
474 2111 651 2176 scribentes
671 2109 790 2176 librum
812 2111 988 2177 evolvimus
1010 2109 1260 2196 necquidquam
1273 2108 1308 2172 in

139 2213 202 2278 hoc
223 2229 352 2300 genere
367 2238 424 2283 seu
450 2240 560 2285 verum
586 2240 643 2284 seu
670 2218 787 2285 falsum
808 2223 1016 2304 praestamus.
1062 2219 1097 2282 Ψ
1116 2223 1176 2287 850
1196 2209 1230 2302 (ἡ
1256 2213 1308 2280 δι-

139 2320 223 2408 πλῆ)
246 2317 299 2387 ὅτι
319 2320 404 2401 τινὲς
425 2317 561 2390 ἰόεντα
583 2317 742 2412 (σίδηρον)
759 2323 821 2394 τὸν
841 2321 971 2410 μέλανα
992 2318 1038 2404 ὡς
1056 2318 1205 2412 „insidia
1225 2317 1309 2388 στόν-

138 2437 223 2494 νον“
243 2430 281 2516 <t
297 2431 381 2517 107).
409 2427 542 2515 βέλτιον
563 2426 601 2498 δὲ
619 2428 678 2499 τὸν
698 2425 747 2512 εἰς
767 2425 841 2512 ἰοὺς
859 2425 1077 2500 εὐθετοῦντα·
1100 2423 1225 2498 οἰκεῖον
1246 2428 1309 2515 μὰρ

138 2533 178 2602 τὸ
204 2530 544 2633 ἔσαθλονζτοξόταις.
569 2576 612 2591 -
637 2563 658 2605 κ
685 2549 743 2610 161
772 2546 1032 2629 καταχρηστικῶς
1056 2561 1158 2630 φησιν
1180 2532 1309 2623 δ”Αρί-

138 2664 279 2729 σταρχος
302 2641 360 2713 ἐπὶ
384 2649 450 2713 τῶν
474 2645 604 2735 θηρίων
630 2637 801 2736 εἶναιτὴν
825 2643 1031 2736 ι’ίκνηστιν·
1062 2641 1100 2715 οὐ
1121 2645 1183 2734 γὰρ
1206 2639 1310 2732 αὐτὴν

139 2743 244 2840 μόνην
265 2745 465 2821 ἀδυνατοῦσι
486 2750 695 2843 ’κινήσασθαι
720 2763 790 2840 (scr.
815 2751 906 2843 κνήσ.
926 2756 1114 2842 Burman,
1141 2747 1228 2819 ἀλλὰ
1253 2751 1311 2819 καὶ

139 2858 200 2946 τὴν
233 2853 339 2948 ὀσφῦν
366 2859 508 2948 καὶτὸν
533 2860 702 2952 rodanius.
727 2900 770 2916 ··-
794 2869 833 2932 Α
861 2873 919 2935 165
945 2858 1099 2952 σημαίνει
1120 2858 1158 2928 δὲ
1176 2855 1311 2949 sitifim

140 2963 374 3056 (οφεδανόν)
396 2966 586 3040 ἐπακτικὸν
604 2969 662 3039 καὶ
683 2968 961 3056 ἐπεστραμμένου,
979 2960 1051 3038 οἷον
1072 2956 1307 3059 σφενδονηδόν,

141 3069 212 3141 drab
237 3078 296 3164 τῆς
323 3071 555 3166 σφενδόνηςθθ.
594 3075 706 3158 ὀὕτως
733 3074 956 3164 Ἀρίσταρχος.
989 3117 1027 3128 -
1066 3074 1100 3149 Ξ
1127 3085 1189 3147 155.
1217 3099 1310 3142 ποι-

141 3179 250 3249 rrrc'w
271 3186 312 3251 ab
333 3189 429 3252 πονῶ
449 3180 563 3253 norico
584 3181 677 3253 νινύοι
698 3180 905 3254 caraman.
920 3224 960 3239 ·-
974 3192 1012 3252 X
1030 3193 1070 3257 93
1092 3182 1225 3272 ὅτιτὴν
1245 3186 1311 3249 τῶν

140 3285 254 3380 ὄφεων
287 3273 467 3360 κατάδυσιν
498 3291 613 3377 χειὰν
648 3288 779 3382 εἴρηκεν
814 3288 978 3363 ἀπὸτοῦ
1004 3298 1156 3377 χεῖσθαι,
1195 3288 1214 3359 ὅ
1241 3288 1311 3357 ε’στι

139 3401 306 3485 χωρῆσαι·
333 3394 381 3479 εἷς
411 3395 492 3469 αὐτὸ
518 3400 580 3488 μὰρ
607 3396 744 3490 <μόνον>
767 3407 978 3491 μηχανῶνται
1009 3399 1041 3470 oi
1068 3398 1167 3492 ὄφεις
1195 3394 1310 3479 εἶς’τὸ

139 3509 289 3594 χωρῆσαι
310 3511 463 3592 (occurrit
483 3503 530 3588 εἷς
550 3503 669 3594 ἶν’ντρον
694 3508 756 3596 γὰρ
777 3505 973 3595 μυχευονται
997 3506 1030 3577 oi
1051 3503 1148 3600 durare
1176 3504 1260 3575 ὥστε
1281 3530 1311 3591 χ.

141 3615 233 3700 <„sed
253 3615 389 3684 fortasse
403 3617 451 3684 nil
465 3619 670 3684 mutandum“
684 3617 997 3705 Friadlaender⁸4⁸>)
1021 3616 1060 3684 τὸ
1082 3621 1178 3702 σῶμα
1200 3613 1311 3702 ὥσπερ

141 3717 288 3806 ἔλυτρον·
311 3718 439 3804 „oridia
453 3717 486 3789 δ’
504 3712 714 3812 ἀμφοτέρους
734 3722 793 3791 ὅδε
812 3722 985 3807 χείσεταιῑί
1007 3727 1123 3814 (017).
1145 3766 1186 3776 —
1207 3729 1237 3789 Σ
1249 3734 1308 3795 531
1322 3733 1392 3805 (141)

141 3825 196 3896 ὅτι
220 3824 329 3918 εἴρας
356 3829 447 3917 λέγει
475 3825 535 3910 τοῖς
560 3825 700 3917 ἀγοράς,
729 3827 1028 3921 σχηματίζωνᾶνιὸ
1055 3837 1115 3900 τοῦ
1144 3826 1258 3918 εἴρειν,
1292 3829 1311 3897 ὅ

209 4058 235 4099 ⁸2
268 4055 312 4112 Et
323 4059 360 4112 M.
373 4061 441 4122 50,5
461 4049 606 4128 damnare,
623 4050 744 4130 ἡρἆχις,
762 4057 842 4130 παρὰ
853 4058 889 4115 τὸ
905 4061 945 4130 μὴ
962 4049 1107 4114 δύνασθαί
1123 4075 1189 4115 τινα
1207 4059 1311 4127 κνήσα-

143 4142 214 4197 σθαι
233 4140 321 4211 αὐτὴν
337 4145 374 4211 τῇ
390 4137 450 4217 ἰδίᾳ
465 4144 551 4213 χειρί.

130 4218 136 4226 ’
209 4226 235 4267 8³
268 4225 297 4278 Si
315 4228 412 4281 contra
429 4224 542 4281 dixisset
559 4243 603 4282 rcs
620 4225 821 4282 deliberatione
840 4226 926 4296 digna
944 4230 1022 4282 asset.

210 4311 237 4351 ⁸⁴
270 4309 395 4364 Fortasse
412 4311 466 4365 hoc
483 4309 542 4365 eius
559 4313 609 4377 est,
627 4313 659 4366 X
675 4316 732 4374 293,
750 4315 923 4382 κατηφήσας
940 4307 1020 4367 κάτω
1038 4311 1075 4368 τὰ
1092 4304 1152 4382 φάη
1169 4303 1251 4382 ἔχων.

210 4396 255 4437 a·
272 4394 544 4464 <vuambanem
563 4395 691 4450 anemae.
710 4414 737 4466 p.
757 4397 828 4465 ιιι.)
