3008 4980
183 341 202 399 4
462 334 484 390 L
511 333 553 389 De
570 333 694 390 fontibus
711 333 857 390 doctrinae
874 333 1075 388 Aristarcheac.

183 500 248 563 Adi
267 499 500 566 Ruhnkenium
525 504 624 587 praef.
653 502 694 566 ad
714 502 854 587 Hesych.
880 526 913 588 p.
935 501 1011 579 VII,
1036 523 1101 586 quo
1126 499 1200 566 loco
1223 500 1262 565 de
1283 519 1356 564 cor-

182 607 399 692 ruptionibus,
421 632 501 693 quas
523 609 702 676 Aristarchi
722 632 841 675 nomen
862 611 972 686 subiit,
994 609 1135 694 exponit

264 823 285 906 §
306 828 334 889 3.
375 823 465 888 Haec
487 824 543 907 qui
568 825 764 904 lustraverit,
790 826 965 892 verendum
992 829 1107 891 estne
1134 823 1355 888 Aristonicum

181 930 285 1015 fingat
310 931 373 995 sibi
400 930 541 1015 aliquem
562 931 730 997 veriverbii
755 954 912 1018 aucupem
936 935 1081 1017 istosque
1103 954 1185 1016 quos
1207 929 1355 996 deuotis

181 1037 363 1104 Homericis
377 1038 612 1122 Hesiodeisque
627 1039 818 1124 conscripsit
838 1042 1086 1106 commentarios
1107 1039 1190 1104 nihil
1210 1039 1274 1104 nisi
1294 1061 1356 1102 nu·

182 1168 241 1232 gas
262 1145 495 1232 etymologicus
516 1150 672 1230 captasse.
708 1149 754 1212 At
774 1147 897 1213 scholia
914 1147 1042 1214 Veneta
1061 1148 1270 1232 inspicientes
1291 1145 1356 1212 alia

182 1255 292 1319 omnia
312 1255 503 1336 invenimus,
524 1254 727 1319 doctissimas
750 1255 789 1320 de
810 1255 1005 1339 antiquitate
1019 1255 1201 1333 Homerica,
1223 1254 1262 1319 de
1283 1275 1356 1318 ver-

182 1363 299 1427 borum
319 1362 625 1447 significationibus,
657 1361 696 1427 de
717 1363 862 1428 versibus
884 1363 1002 1448 spuriis
1022 1363 1277 1437 observationem
1303 1360 1355 1424 his

182 1474 272 1535 totus
292 1469 377 1534 liber
395 1469 533 1534 refertus
551 1469 727 1553 reperitur,
749 1469 799 1534 his
821 1469 1036 1555 etymologiae
1058 1493 1141 1554 quac
1161 1470 1274 1534 insunt
1295 1468 1356 1551 lin·

182 1582 261 1642 sunt
273 1581 383 1643 autem
398 1576 471 1655 illis,
493 1599 573 1661 quas
587 1599 627 1642 ex
647 1576 767 1643 Orione
781 1578 1001 1662 cognovimus,
1022 1577 1218 1658 simillimae)
1238 1575 1296 1640 sed
1309 1575 1357 1639 ita

183 1685 459 1752 excellentissimis
480 1684 762 1749 observationibus
783 1686 1010 1763 obscurantur,
1039 1685 1092 1747 vix
1113 1688 1152 1748 ut
1171 1685 1356 1768 appareant

182 1793 248 1858 Res
269 1792 420 1877 expeditu
440 1790 552 1856 facilis
594 1791 694 1857 Orion
724 1813 798 1856 cum
823 1791 1064 1877 etymologicon
1091 1792 1246 1856 scriberet
1266 1811 1356 1855 com·

182 1900 291 1985 plures
316 1899 513 1984 perreptavit
531 1898 632 1964 libros
658 1899 901 1983 grammaticos,
928 1899 986 1964 sed
1011 1897 1082 1964 sola
1106 1921 1190 1982 quae
1218 1897 1357 1962 inveniri

182 2011 317 2092 possent
342 2006 559 2091 etymologica
584 2027 766 2089 aucupans,
792 2006 992 2090 reliquorum
1012 2028 1152 2070 securus
1198 2005 1253 2070 Sic
1277 2027 1356 2069 usus

184 2119 235 2180 est
252 2115 305 2179 ille
326 2115 441 2179 eodem
462 2112 597 2178 consilio
619 2112 747 2197 scriptis
765 2113 935 2198 Apollonii
948 2113 1097 2197 Dyscoli:
1117 2114 1175 2197 qni
1195 2114 1224 2177 si
1245 2135 1285 2177 ex
1305 2112 1357 2176 his

134 2221 329 2305 (⁵)reliqniis
349 2221 446 2287 nobis
467 2219 689 2285 diiudicandus
711 2224 804 2297 esset
825 2242 906 2304 quas
928 2220 1030 2286 Orion
1050 2220 1188 2284 amarit
1209 2224 1249 2300 (v.
1270 2218 1357 2282 indi·

183 2336 280 2408 cem),
306 2350 347 2393 ex
366 2329 481 2394 eodem
502 2350 628 2409 omncs,
656 2326 744 2411 quod
768 2329 931 2393 ueteribus
956 2327 1042 2393 male
1068 2329 1202 2393 cessisse
1228 2326 1358 2403 scimus,

184 2436 402 2521 etymologica
421 2456 549 2520 genere.
569 2456 630 2520 pro
645 2433 831 2500 doctissimo
851 2435 1125 2520 ingutissimoque
1145 2435 1358 2520 grammatico

182 2544 310 2609 futilem
331 2547 364 2608 et
384 2564 486 2627 paene
507 2540 678 2607 ridiculum
698 2541 899 2607 haberemus

266 2761 337 2844 §t
379 2757 591 2835 Aristonicus
616 2755 771 2822 Straboni
791 2780 925 2842 suppar,
951 2759 1037 2822 inter
1063 2757 1268 2822 doctissimos
1294 2758 1360 2822 tuit

184 2866 411 2952 grammaticos
425 2865 607 2950 scriptaque
626 2865 695 2930 eius
714 2870 747 2930 et
766 2865 936 2948 opiniones
957 2866 1263 2930 commemoratione
1284 2865 1359 2951 dig·

185 2996 246 3038 nae
258 2973 390 3037 habitae
405 2994 426 3036 a
438 2972 734 3056 praestantioribus
755 2971 873 3038 Strabo
894 2971 910 3036 l
929 2995 962 3056 p.
981 2978 1038 3057 §38
1051 2973 1202 3057 Casanb.)
1229 2980 1286 3040 llll
1301 2971 1357 3039 Tr.

181 3074 409 3162 Ἀριστόνικος
435 3076 498 3160 μὲν
521 3069 581 3144 or'a·
606 3077 627 3144 ὁ
655 3071 735 3143 καθ’
758 3074 847 3164 ἡμᾶς
871 3076 1098 3162 γραμματικὸς
1122 3075 1159 3144 ἐν
1184 3080 1255 3156 τοῖς
1280 3078 1361 3163 περὶ

185 3191 244 3277 τῆς
256 3180 437 3252 Μενελάου
450 3184 579 3272 πλάτης
590 3184 626 3266 (δ
638 3191 692 3259 su
706 3184 845 3251 aarum
865 3177 1098 3272 amaveras
1117 3179 1249 3271 αἰὖρῶι
1267 3179 1360 3252 ‹irro-

185 3288 309 3381 φᾶσεις
320 3291 397 3378 περὶ
408 3285 549 3359 &aaa
563 3296 629 3357 τῶν
640 3289 840 3375 &rupinas
853 3288 1059 3379 κερπλαιὶιιι·
1080 3285 1201 3381 ἦμῖνιῖ
1224 3290 1360 3377 ἀρκέσει

186 3395 250 3466 κᾶν
271 3397 502 3483 &arduennae
521 3396 676 3484 λὲρωμει.
696 3439 737 3449 -
758 3401 847 3468 Serv.
862 3404 944 3469 Aen.
960 3401 1008 3467 ΠΙ
1022 3407 1084 3469 334
1098 3402 1262 3468 Chaonios
1283 3423 1360 3488 cog·

185 3510 317 3576 nomine
342 3531 486 3594 campos:
513 3508 652 3593 Epirum
676 3532 807 3594 campas
833 3532 900 3574 non
925 3510 1046 3574 habere
1071 3509 1222 3573 omnibus
1242 3514 1360 3574 notnrn

186 3624 251 3689 estc
270 3617 329 3682 sed
341 3622 471 3682 esame
483 3616 530 3681 ibi
551 3616 630 3681 olim
650 3638 761 3702 regem
781 3618 912 3682 nomine
926 3616 1084 3700 Campum
1103 3616 1203 3679 frume
1224 3615 1360 3700 eiusque

186 3730 335 3810 posteris
348 3723 552 3808 Campylidas
572 3725 677 3788 dictos
698 3730 732 3788 et
751 3723 888 3807 Epirum
907 3723 1181 3807 Campaniamque
1200 3727 1360 3795 vocatam,

186 3835 273 3898 sicut
284 3831 492 3907 Alexarchus
511 3831 685 3894 baronem
705 3829 856 3896 Graecus.
872 3848 908 3894 et
922 3829 1125 3894 Amstonicus
1144 3827 1299 3893 referunt.
1318 3866 1361 3875 -

186 3940 226 4005 ln
253 3940 350 4005 rebus
377 3938 597 4024 grammaticis
617 3937 660 4000 ad
679 3944 787 4020 partes
807 3950 941 4001 aureatus
961 3938 1003 4001 ab
1023 3935 1219 4001 Herodiano.
1249 3939 1282 3998 Γ
1301 3941 1362 4003 198

184 4041 398 4129 Ἀρίσταρχος
428 4040 637 4127 dammim
661 4036 770 4126 (οἰῶν)
799 4036 847 4120 οἷς
877 4037 984 4127 criptis
1016 4039 1072 4106 zai
1097 4039 1314 4124 Πτολεμαῖος
1341 4039 1362 4107 ὃ

186 4149 441 4237 unciariae·
464 4144 692 4234 Ἀριπόνιιῡς
716 4147 754 4214 ds*
780 4146 1010 4234 curor-tidros
1033 4146 1091 4226 ὃς
1119 4142 1144 4212 r'
1167 4145 1249 4215 ὀΐων
1272 4146 1362 4234 μέγα

158 4264 294 4334 surii?
328 4262 372 4326 Et
398 4261 475 4326 licet
501 4283 629 4326 sumere
654 4259 768 4323 iisdem
789 4259 856 4324 lere
876 4260 1089 4344 argumentis.
1116 4259 1236 4341 quibus
1256 4257 1362 4323 Hero-

190 4373 305 4436 dianus
334 4369 533 4451 trisyllabam
558 4367 694 4431 turnraru
720 4366 753 4431 h.
780 4366 803 4433 i
826 4366 983 4443 «tutudit,
1007 4367 1113 4450 ipsum
1139 4367 1363 4430 Aristonicum
