3008 4980
219 348 279 412 338
514 343 546 397 V.
571 342 612 399 De
628 340 733 398 criticis
750 338 904 396 Aristarchi
921 337 1085 395 rationibus.

300 508 355 575 VI.
395 508 551 594 Suspecta
579 511 648 575 visa
676 533 713 575 ea
736 532 833 595 quam
859 509 970 575 dicunt
997 498 1305 593 ἀνακεφαλαίωσιν.
1345 506 1386 571 Hi

218 620 293 682 sunt
308 616 466 681 eiusmodi
479 617 551 700 loci,
573 619 691 702 quibus
706 619 812 685 brevis
827 639 952 684 summa
966 615 1153 682 continetur
1174 636 1288 679 eorum
1309 636 1386 698 quae

217 724 287 808 ipsa
307 724 448 788 carmina
469 724 696 805 exhibuerant;
721 748 874 813 magnam
894 728 1019 810 partem
1041 745 1079 789 ex
1100 722 1251 787 stnstulis
1270 721 1386 787 Home·

216 831 290 896 riuis
312 832 455 897 contexti
476 835 513 899 ut
534 836 573 897 A
594 839 654 901 365
677 857 747 920 sqq.
768 837 798 897 Σ
816 841 877 902 444
900 855 969 918 sqq.
990 841 1021 917 ψ
1042 835 1103 898 310
1126 852 1198 915 sqq.

299 938 370 1007 VII.
399 939 510 1025 Auget
524 941 741 1026 suspicionem
754 964 873 1021 versus,
889 941 917 1006 si
930 940 1020 1006 vario
1034 939 1132 1005 modo
1149 938 1264 1004 fertur.
1290 942 1384 1004 Tan

135 1041 252 1114 (359)in
265 1069 360 1112 versu
373 1046 460 1112 haud
483 1048 579 1114 dubie
601 1050 769 1116 subdititio
793 1041 827 1112 εἴ
844 1071 910 1113 που
931 1041 983 1112 Aa
1004 1045 1080 1128 ζώει
1100 1067 1137 1131 γε
1152 1039 1385 1127 Νεοπτόλεμος

217 1147 377 1240 θεοειδής
403 1155 474 1221 aliis
503 1158 701 1244 argumentis
724 1157 878 1242 expositis
900 1157 1040 1222 additur:
1069 1150 1251 1242 τεκμήριον
1277 1148 1315 1218 δὲ
1332 1155 1385 1238 τῆς

218 1259 394 1349 διασκευῆς
418 1261 456 1328 τὸ
490 1260 548 1328 καὶ
572 1259 691 1350 ἑτέρως
717 1260 886 1352 φέρεσθαι
914 1262 972 1330 τὸν
998 1256 1122 1343 στίχον,
1158 1255 1221 1341 „et'
1247 1284 1314 1327 ποιΙ
1341 1254 1383 1325 ἔτι

217 1363 295 1448 ζώει
315 1392 351 1454 γε
372 1373 490 1457 Πορῆς
511 1365 600 1453 ἐμός,
625 1362 663 1438 δν
685 1367 908 1438 κατέλειπονα
931 1373 959 1456 (ί
972 1375 1011 1436 A
1032 1374 1115 1453 423).

298 1476 385 1544 VIH.
422 1479 519 1545 Multi
533 1503 643 1547 versus
658 1481 763 1547 notati
782 1477 840 1545 διὰ
861 1477 898 1545 τὸ
917 1473 1081 1562 περιττόν.
1117 1478 1156 1544 In
1178 1478 1242 1544 hoc
1262 1477 1382 1543 invenio

216 1585 440 1652 Aristarchum
462 1588 607 1673 opinioni
628 1588 809 1654 indulsisse.
845 1587 928 1654 Vide
949 1587 1012 1652 hoc
1034 1587 1217 1672 exemplum
1239 1588 1291 1669 (A
1303 1588 1382 1668 44λ);

300 1684 328 1758 ὦ
348 1688 474 1780 Χρύση,
499 1690 565 1779 πρό
587 1688 620 1779 μ’
644 1690 796 1784 ἔπεμψεν
819 1687 904 1774 ἀναξ
923 1687 1052 1779 ἀνδρῶν
1071 1687 1302 1778 Ἀγαμέμνων,

236 1949 278 1959 -
300 1906 393 1996 ῥέξαι
411 1903 494 1992 ὑπὲρ
516 1913 669 1988 Δαναῶν,
694 1903 770 1999 ὄφρ’
794 1905 1007 1994 ἱλασόμεσθα
1029 1901 1165 1975 δίνακτα.

217 2018 280 2083 Hic
302 2021 505 2084 annotatum:
532 2013 642 2085 ὅτιτὸ
667 2011 788 2103 ἀγέμεν
809 2014 933 2097 κοινόν,
957 2014 1040 2083 ὥστε
1062 2013 1219 2102 γίνεσθαι
1238 2013 1296 2084 τὸν
1317 2010 1383 2102 ἑξῆς

217 2120 390 2209 περισσόν·
427 2124 481 2193 διὸ
513 2123 571 2191 καὶ
600 2119 783 2195 ἀθετεῖται.
828 2128 877 2194 De
905 2128 1018 2194 eodem
1043 2149 1138 2193 versu
1162 2126 1322 2193 monitum
1348 2124 1383 2190 sd

222 2238 253 2297 Φ
274 2241 349 2302 479:
376 2235 433 2300 ubi
453 2235 516 2301 hoc
537 2237 633 2301 modo
657 2236 757 2302 edidit
777 2235 931 2302 Wolfius:

300 2332 347 2419 δίς
368 2333 471 2430 φάτο·
499 2338 559 2429 τὴν
581 2336 612 2407 δ’
638 2337 711 2408 odas
732 2340 885 2432 προσέφη
906 2337 1062 2428 ἑκάεργος
1076 2336 1266 2422 Ἀπόλλων,

300 2441 388 2514 ἀλλὰ
407 2445 624 2537 χολωσαμένη
646 2447 731 2528 Διὸς
749 2444 862 2539 αἰδοίη
884 2447 1100 2536 παράκοιτις·

300 2552 455 2640 [νείκεσεν
473 2551 655 2645 Ἰοχέαιραν
678 2551 856 2638 ὀνειδείοις
878 2555 1055 2643 ἐπέεσσιν]

217 2667 419 2732 Aristonicus
433 2665 497 2731 hoc
519 2671 666 2733 annotat:
688 2661 720 2754 (ἡ
740 2666 858 2754 διπλῆ)
881 2663 932 2733 ότι
956 2666 1069 2735 κοινὸν
1092 2667 1144 2733 δεῖ
1165 2663 1333 2748 δέξασθαι
1351 2661 1384 2729 τδ

217 2770 385 2860 προσέφη
414 2766 501 2838 ἀλλὰ
521 2772 736 2863 χολωσαμένη
758 2775 844 2854 Διὸς
870 2770 983 2864 αἰδοίη
1004 2769 1207 2861 παράκοιτις
1226 2769 1385 2859 προσέφη.

219 2877 323 2959 οὕτως
349 2871 407 2946 οὖν
432 2874 529 2947 κάκεῖ
551 2877 686 2962 ,,παῖδά
707 2881 745 2950 τέ
764 2907 819 2952 σοι
841 2878 962 2969 ἀγέμεν
987 2879 1103 2971 Φοίβῳ
1126 2876 1166 2949 δ’
1196 2876 1289 2970 ἱερὴν
1316 2876 1387 2947 ἕκα-

153 2999 201 3049 344
219 2983 384 3077 τόμβηνίί·
423 2982 494 3055 ἀπὸ
529 2995 644 3058 κοινοῦ
675 2991 737 3079 γὰρ
766 2991 804 3058 τὸ
834 2986 968 3078 ἀγέμεν,
1004 2990 1061 3058 καὶ
1088 2988 1244 3077 περιττὸς
1270 2985 1288 3056 ὁ
1317 2985 1389 3076 ἑξῆς

219 3095 338 3186 ’,ῥέξαι
359 3091 443 3184 ὑπὲρ
465 3101 644 3168 Δαναῶνίῑ.
686 3102 775 3188 Ergo
798 3103 943 3168 videmus
964 3102 1185 3168 Aristonicum
1206 3100 1301 3166 illum
1322 3120 1388 3165 ver·

219 3230 289 3274 sum
305 3201 449 3273 νείκεσεν
470 3247 511 3256 -
531 3231 571 3274 ne
587 3232 682 3275 nosse
700 3211 837 3294 quidem.
873 3210 995 3276 Verum
1010 3215 1059 3276 est
1078 3210 1112 3275 iu
1135 3208 1295 3274 eiusmodi
1316 3230 1388 3273 oon·

220 3316 396 3380 structione
422 3317 608 3401 saepissime
635 3318 721 3402 apud
747 3318 925 3384 Homerum
951 3341 1052 3383 unum
1076 3317 1211 3382 verbnm
1239 3315 1390 3396 sufficere,

220 3446 245 3488 e.
272 3445 301 3509 g.
332 3418 508 3504 παννύχιοι
538 3420 598 3504 μέν
624 3418 741 3488 ἔπειτα
774 3420 1046 3512 καρηκομόωντας
1068 3417 1387 3504 Ἀχαιοὶ-δαίνυντο,

223 3532 334 3615 Τρῶες
364 3526 401 3595 δέ
426 3529 511 3597 κατὰ
539 3526 660 3596 πτόλιν
687 3524 744 3619 ηδ’
770 3528 959 3620 ἐπίκουροι,
988 3537 1020 3600 et
1038 3532 1072 3597 in
1093 3531 1205 3598 multis
1226 3531 1390 3609 similibus,

219 3641 258 3701 A
278 3643 348 3707 321.
382 3643 428 3702 M
445 3646 515 3709 461.
550 3643 586 3702 Ν
604 3647 653 3708 56.
691 3640 754 3707 Sed
775 3665 802 3709 v.
825 3642 980 3727 Porphyr.
1004 3644 1037 3704 K
1059 3647 1126 3708 167.
1158 3640 1204 3705 Et
1225 3639 1312 3725 diple
1335 3660 1390 3703 no-

219 3749 288 3811 tata
302 3746 380 3812 tolia
396 3749 435 3814 ab
451 3749 648 3827 Aristarcho,
671 3773 700 3816 v.
722 3750 829 3816 locum
850 3750 915 3814 iam
935 3749 1101 3815 laudatum
1119 3752 1149 3811 Φ
1163 3752 1225 3816 479
1242 3750 1276 3812 et
1288 3749 1329 3810 A
1345 3751 1390 3813 56.

220 3855 375 3921 Attamen
401 3878 468 3921 non
495 3860 645 3922 constans
671 3856 724 3922 lex
752 3861 812 3923 est:
843 3858 908 3923 imo
935 3879 1002 3923 non
1023 3857 1117 3942 pauci
1139 3859 1216 3921 sunt
1236 3853 1317 3935 loci,
1337 3853 1391 3919 nbi

220 3962 326 4027 denuo
353 3962 537 4029 inferuntur
562 3965 660 4030 verba
692 3968 724 4029 et
749 3964 812 4030 alia
840 3969 873 4030 et
898 3964 938 4030 ab
970 3964 1063 4030 initio
1095 3985 1205 4029 versus
1237 3955 1388 4047 γίγνεται,

220 4063 300 4148 ἐστί,
324 4075 382 4137 cet.
417 4071 461 4136 Et
485 4095 681 4157 quamquam
703 4076 779 4137 sunt
801 4095 840 4138 ex
860 4073 923 4138 hoc
944 4093 1061 4158 genere
1083 4092 1193 4137 versus
1217 4069 1273 4154 qui
1298 4065 1391 4136 simul

220 4178 315 4243 aliam
342 4179 383 4243 ob
411 4201 540 4244 causam
566 4181 708 4265 suspecti
734 4184 810 4245 sunt
837 4183 877 4263 (v.
900 4181 931 4244 Ω
953 4188 1003 4249 45.
1032 4183 1072 4243 Η
1096 4181 1169 4261 353)
1194 4180 1232 4242 ut
1261 4175 1391 4262 aliquod

138 4309 208 4380 (360)
222 4287 318 4352 etiam
347 4288 618 4352 diasceuastarum
638 4286 735 4353 huius
757 4288 879 4354 scilicet
899 4289 1033 4354 lacunae
1057 4285 1233 4371 explendus
1254 4284 1390 4368 prodant

221 4395 372 4477 studium,
393 4398 502 4461 tamen
516 4396 696 4481 putaverim
709 4395 761 4461 his
776 4399 973 4463 commotum
987 4395 1123 4461 nimium
1143 4393 1184 4459 ad
1203 4392 1283 4458 talia
1304 4393 1389 4459 dam·
