3008 4980
200 309 239 372 62
277 303 311 357 Π.
340 302 381 358 Do
398 301 575 358 Aristarchea
591 303 789 358 vocabulorum
806 301 1016 356 Homericorum
1037 290 1277 372 interpretatione.

200 471 269 536 cod.
289 470 395 555 A³⁷·).
437 472 476 534 A
497 477 556 538 350
587 470 701 556 προίει
723 467 931 548 δολιχόσκιον
952 463 1045 552 ἔγχος
1065 465 1123 533 καὶ
1142 462 1260 552 βάλεν,
1289 461 1367 534 οόόὶ

200 569 382 662 ἀφάμαρτε,
401 571 630 659 τιτυσκόμενος
651 573 849 664 κεφαλῆφιν,
873 572 974 662 άκρην
992 574 1056 640 κὰκ
1075 569 1222 662 κόρυθας
1250 595 1369 663 σημει-

200 679 314 748 οῦνταί
327 707 413 762 τινες
427 679 479 750 ότι
495 679 598 760 οὕτως
617 673 815 768 εἴρηταικαὶ
836 677 996 762 ἐπέτυχεν.
1031 686 1071 748 Λ
1084 690 1144 752 376
1167 677 1185 750 ὃ
1210 679 1248 748 δὲ
1268 675 1368 762 τόξου

199 792 303 878 πῆχυν
317 782 433 855 άνελκε
448 788 504 856 καὶ
517 785 627 873 βάλεν,
643 782 714 854 οὐδ’
732 783 797 873 ἔρα
811 813 870 873 μιν
884 785 982 855 άλιον
995 786 1095 873 βέλος
1108 785 1230 879 ἔκφυγε
1242 783 1366 874 χειρός,

198 896 318 982 ταρσὸν
333 897 512 982 δεξιτεροῖο
531 891 656 973 ποόόςε
677 889 708 984 (ῆ
727 895 842 986 διπλῆ)
863 892 917 964 ότι
933 895 972 964 τὸ
993 891 1096 982 βάλεν
1117 891 1190 964 άντλ
1207 902 1268 964 τοῦ
1288 895 1369 963 ἔπε’-

198 1028 297 1085 τυχεν.
334 1009 443 1076 0571
466 1000 502 1070 εἴ
518 1000 592 1070 τινά
613 1026 680 1069 που
705 995 828 1089 Τρώων
850 1000 1027 1088 ἐξάλμενος
1048 997 1152 1091 όίνόρα
1173 1003 1370 1090 βάλοισθαι

199 1108 252 1179 ότι
271 1111 309 1179 τὸ
322 1115 437 1197 βαλεῖν
457 1107 642 1197 προέμενόν
664 1108 752 1177 ἐστιν
773 1107 972 1191 ἔντυχεῖν37λ
996 1115 1028 1197 (l.
1050 1109 1158 1196 ε’πιτ.).
1195 1117 1230 1178 Π
1246 1121 1288 1181 25
1309 1109 1369 1196 βέ-

198 1219 318 1307 βληται
340 1215 413 1286 ἀντὶ
431 1223 490 1286 τοῦ
511 1217 547 1285 ἔκ
568 1221 671 1307 βολῆς
691 1214 857 1302 τέτρωται.
893 1218 985 1306 <Νοα
1006 1221 1205 1306 Aristonici.)
1248 1225 1288 1284 Π
1306 1228 1367 1290 481

198 1330 257 1392 τοῦ
279 1321 311 1391 δ’
329 1321 389 1408 οόχ
412 1323 509 1393 άλιυν
528 1324 628 1410 βέλος
647 1323 768 1413 ἔκφυγε
787 1324 905 1410 χειρός,
929 1320 1001 1390 ἀλλ)
1026 1322 1128 1411 ἔβαλ’,
1150 1321 1220 1394 ἔνθ’
1245 1324 1312 1412 όίρα
1333 1351 1370 1392 τε

199 1429 316 1520 φρένες
341 1430 474 1519 ἔρχαται
502 1428 585 1522 ἀμφ’
615 1430 730 1501 ἀδινὸν
758 1437 835 1522 κῆρε
870 1430 923 1499 ότι
949 1437 1067 1522 σαφῶς
1093 1433 1150 1499 διά
1175 1437 1237 1501 τοῦ
1265 1430 1370 1520 ἔβαλε

200 1537 353 1628 σημαίνει
373 1541 411 1608 τὸ
427 1537 533 1623 ἔτυχεν
555 1537 601 1619 εἰς
623 1538 823 1609 ἐκεῖνοντὸν
845 1536 960 1619 τόπον,
984 1536 1071 1608 ὅπου
1089 1580 1139 1606 -.
1162 1543 1208 1610 of.
1223 1543 1371 1610 Nicanor

200 1653 239 1711 Π
249 1655 309 1717 618
331 1651 400 1734 (ubi
421 1673 479 1734 pro
497 1644 531 1714 εἴ
548 1671 584 1714 σε
606 1644 748 1733 ἔβαλλον
771 1645 989 1735 όιεπερόνησα
1012 1641 1053 1712 όίν
1066 1651 1130 1736 leg.
1147 1643 1229 1714 εἴτε
1252 1649 1371 1715 διεπε-

200 1755 343 1839 ρόνησα).
378 1757 450 1822 Hoc
472 1759 568 1824 etiam
589 1759 708 1843 apponi
729 1762 878 1838 meretur,
900 1757 987 1842 quod
1009 1757 1048 1822 de
1069 1751 1229 1842 ἑκηβόλος
1250 1759 1369 1824 dicitur

198 1865 234 1928 in
264 1865 333 1929 cod.
360 1864 388 1929 B
416 1866 456 1930 ad
486 1869 522 1928 A
552 1873 604 1932 14:
638 1859 799 1951 ἑκηβόλου
832 1867 892 1929 τοῦ
928 1859 1052 1929 ἔκαόεν
1082 1857 1371 1948 ἐπιτυγχάνοντας·

198 1969 349 2036 πλεῖστοι
371 1969 432 2057 γὰρ
455 1967 578 2037 ἕκαθεν
598 1965 793 2055 βάλλουσιν,
824 1964 897 2035 ἀλλ’
928 1964 965 2037 οὗ
987 1963 1181 2056 τυγχάνουσι
1204 1975 1264 2038 τοῦ
1290 1989 1369 2039 σκο-

198 2080 279 2143 ποῦ·
313 2071 400 2156 ,,οόκ
427 2074 545 2164 ἔβαλες
574 2077 632 2145 τὸν
660 2080 790 2159 ξεῖνυν“
818 2082 850 2164 (υ
872 2082 945 2164 305)
973 2073 1046 2145 άντί
1069 2082 1128 2146 τοῦ
1155 2073 1216 2146 οόκ
1242 2075 1368 2162 ἔτυχες·

198 2181 335 2271 βάλλειν
355 2185 417 2271 γάρ
439 2181 559 2270 κυρίως
578 2184 616 2252 τὸ
636 2183 870 2271 ἐπιτυγχάνειν.

280 2293 444 2360 Innumeri
475 2300 550 2360 sunt
577 2295 654 2372 loci,
687 2296 744 2359 ubi
775 2296 827 2360 vel
858 2297 1069 2379 praecedente
1095 2291 1224 2378 προίει,
1263 2289 1367 2382 ἐφίει,

201 2394 354 2466 άκόντισε
375 2399 474 2484 βέλος
495 2407 528 2468 et
539 2404 612 2468 ⁴sim.
635 2403 842 2486 consequitur
862 2399 920 2466 καὶ
939 2397 1023 2485 βάλε
1043 2403 1095 2469 vel
1115 2407 1185 2469 tota
1205 2405 1370 2470 sententia

200 2511 412 2576 certissimum
438 2511 481 2575 sit
507 2504 645 2592 βάλλειν
675 2531 743 2574 esse
765 2514 940 2593 percutere.
984 2511 1069 2575 Hinc
1091 2511 1205 2597 regula
1227 2515 1369 2576 constat:

154 2685 156 2689 ,
200 2622 232 2683 et
254 2619 280 2682 si
302 2617 374 2702 quis
396 2617 478 2682 forte
501 2617 638 2682 occurrit
664 2617 755 2682 locus
781 2639 838 2701 per
864 2640 897 2682 se
925 2617 1093 2682 nonsatis
1121 2640 1302 2702 expressus,
1329 2641 1370 2683 ex

199 2724 311 2809 reguia
332 2723 459 2789 aliunde
482 2724 602 2802 effecta,
624 2745 690 2788 non
711 2746 769 2808 pro
791 2724 923 2788 arbitrio
940 2725 1161 2792 diiudicandus
1184 2730 1242 2791 est.
1277 2725 1317 2793 Ε.
1333 2748 1367 2812 g.

198 2835 228 2894 Σ
247 2837 307 2900 534
329 2830 381 2914 (cf.
404 2855 416 2894 ι
439 2834 492 2915 55)
544 2823 647 2894 αὐτίκ’
673 2823 724 2916 ἐφ’
749 2829 863 2894 ἵππων

280 2932 397 3021 βάντες
417 2931 630 3021 άερσιπόόων
649 2931 862 3022 μετεκίαθον,
886 2926 975 3026 αἶψα
998 2931 1029 3001 δ’
1053 2935 1173 3005 ἵκοντο.

281 3039 478 3130 στησάμενοι
501 3037 532 3109 δ’
558 3041 719 3127 ἐμάχοντο
740 3043 846 3131 μάχην
866 3046 1033 3126 ποταμοῖο
1054 3038 1132 3133 παρ’
1156 3037 1273 3126 όχόας,

280 3146 408 3236 βάλλον
430 3145 461 3215 ό)
487 3143 654 3237 ἀλλήλους
673 3147 872 3240 χαλκήρεσιν
893 3145 1067 3240 ἐγχείῃσιν·

282 3257 317 3325 ἔν
340 3253 368 3324 ό
384 3251 489 3342 Ἔρις,
514 3253 549 3324 ἔν
568 3254 605 3323 δὲ
625 3256 799 3342 Κυδοιμὸς
820 3255 956 3344 ὁμίλεον
976 3299 1027 3328 -.

199 3368 271 3434 Ηοο
299 3369 371 3433 loco
399 3390 457 3452 per
482 3390 515 3432 se
537 3370 680 3451 spectato
701 3369 798 3433 verbo
820 3363 959 3450 βάλλειν
981 3369 1078 3434 etiam
1099 3368 1369 3453 significationem

136 3461 190 3533 (74)
202 3476 334 3559 petendi
361 3474 530 3540 convenire
557 3475 629 3558 quis
655 3476 839 3561 negaverit?
869 3476 1021 3540 Attamen
1048 3475 1148 3540 altera
1174 3474 1367 3562 significatio

81 3573 85 3582 ’
151 3540 184 3592 62
202 3582 347 3666 plurimis
375 3582 455 3647 locis
476 3581 612 3666 probata
631 3604 672 3646 ne
693 3582 796 3647 dicam
816 3583 931 3647 melius
953 3585 1159 3667 (quamquam
1181 3583 1296 3648 acriter
1317 3584 1369 3647 in·

199 3690 303 3754 tuenti
325 3689 370 3754 sic
390 3689 494 3753 visum
516 3688 577 3771 est)
599 3692 684 3754 certe
713 3711 813 3774 aeque
835 3691 925 3765 {bene
948 3690 1109 3755 convenit:
1137 3693 1169 3754 et
1188 3689 1251 3754 hoc
1272 3691 1368 3755 unice

84 3872 87 3877 ¹
199 3799 329 3880 poetam
349 3797 488 3862 voluisse
510 3796 717 3861 statuendum
738 3800 796 3862 est.
832 3796 885 3862 Sic
907 3798 968 3861 nisi
989 3799 1126 3883 agimus,
1147 3801 1184 3861 ut
1205 3797 1272 3882 egit
1292 3797 1368 3861 Ari-

200 3902 353 3982 suranus,
374 3926 433 3987 pro
449 3907 535 3969 certa
549 3904 703 3987 firmaque
723 3904 988 3988 interpretatione
1010 3905 1140 3970 indocta
1161 3903 1267 3969 evadit
1287 3903 1368 3968 fluc—
1413 3906 1415 3912 '

266 4170 310 4210 ³7³
328 4168 426 4236 <Recte
442 4166 573 4232 coniecit;
591 4185 656 4221 nam
668 4184 702 4222 ex
721 4170 745 4222 A
762 4186 836 4222 nunc
848 4168 955 4223 editum
971 4172 1013 4224 est
1032 4158 1076 4224 ότι
1094 4166 1143 4225 ἐπὶ
1158 4172 1212 4223 τοῦ
1231 4169 1366 4238 τρῶσαι.)

265 4254 310 4294 3⁷¹>
327 4253 385 4320 <Ita
401 4269 451 4323 per
474 4269 594 4307 errorem
617 4251 739 4322 scripsit;
762 4255 791 4307 et
811 4251 842 4306 in
859 4253 954 4308 codice
972 4256 1001 4309 et
1017 4253 1093 4322 apud
1110 4253 1269 4308 Bekkerum
1290 4254 1366 4308 recte

198 4336 301 4409 legitur
318 4331 487 4406 ἐπιτυχεῖν.)
