3008 4980
217 307 275 366 112
301 299 335 351 Π.
362 297 403 350 De
419 289 596 350 Aristarchea
613 295 811 350 vocabulorum
828 294 1038 350 Homericorum
1054 294 1302 365 interpretatione.

216 459 268 528 ὅτι
295 460 353 528 ἐπὶ
378 455 558 547 βαρβάρων
582 459 619 528 τὸ
649 456 810 527 ἐπίθετον
835 457 979 548 τίθησιν.
1024 461 1160 529 Subtilis
1193 461 1387 541 observatio,

216 595 410 656 quamquam
431 570 566 636 fortasse
588 572 717 637 adrem
739 570 969 655 expediendam
989 594 1056 636 non
1078 572 1156 636 satis
1177 570 1286 635 firma:
1314 591 1387 634 nam

214 684 341 763 praeter
368 679 427 744 hos
458 679 537 743 duos
565 679 654 744 locos
688 683 721 744 et
752 683 917 763 praeterea
944 701 1046 745 unum
1074 679 1115 759 (Σ
1139 683 1199 745 122
1226 671 1288 741 καί
1314 697 1387 739 τινα

219 779 400 871 Τρωϊάδων
427 783 485 850 καὶ
510 781 730 869 Δαρδανίδων
755 778 997 870 βαθυκόλπων)
1028 809 1104 852 sane
1131 809 1198 852 non
1228 785 1388 871 reperitur

214 894 249 956 in
270 893 457 959 Homericis,
493 893 557 959 sed
577 894 692 958 iamin
712 894 840 978 hymnis
861 895 1042 979 promiscue
1062 895 1176 960 haberi
1197 893 1284 958 nihil
1305 891 1389 957 valet

216 1005 327 1065 contra
353 1002 582 1067 Aristarchum.
628 1001 710 1066 Ven.
738 1008 798 1069 257
829 1000 971 1090 Νύμφαι
1000 1025 1059 1084 μιν
1091 997 1287 1091 θρέψουσιν
1314 991 1386 1082 ὀρε-

215 1112 321 1193 σκῷοι
337 1101 566 1191 βαθύκολποι.

753 1363 852 1425 Γαῖα

651 1535 767 1576 monem
787 1525 818 1576 et
832 1512 940 1597 peden.

302 1676 334 1736 Ψ
358 1681 418 1741 627
448 1666 486 1738 οδ
516 1673 577 1758 γὰρ
610 1667 652 1738 ἴτ’
683 1671 813 1757 ἔμπεδα
839 1680 932 1760 γυῖα,
961 1671 1074 1765 φίλος,
1107 1667 1211 1751 πόδες
1238 1666 1325 1738 οὐδ”
1340 1666 1389 1737 tac

214 1784 318 1862 χεῖρες
339 1773 438 1861 δι’μων
455 1772 699 1868 ἀμφοτέρωθεν
714 1779 932 1850 ἐπαΐσσονται
953 1776 1116 1873 ε’λαφραίε
1137 1776 1169 1867 (ἡ
1195 1779 1315 1867 διπλῆ)
1337 1776 1388 1845 ότι

216 1881 441 1973 έπεξηγήσατο
468 1886 528 1974 τὴν
559 1883 689 1971 έμπεδα
714 1894 790 1976 γυῖα
821 1889 918 1971 λέξιν.
968 1892 1097 1959 Scilicet
1123 1885 1176 1953 ότι
1201 1882 1310 1966 πόδες
1334 1884 1389 1953 καὶ

135 2014 205 2083 (120)
221 1997 334 2079 χεῖρες.
373 1995 465 2062 Unde
486 2020 544 2082 pro
567 2001 675 2084 spurio
697 2002 827 2087 agnitus
848 2024 957 2067 versus
979 2001 1010 2064 Ω
1032 2008 1105 2068 514:
1127 1991 1229 2082 αὐτὰρ
1252 1992 1389 2080 ἐπείρα

217 2096 312 2186 γόοιο
340 2099 518 2193 τετάρπετο
551 2106 623 2184 δῖος
649 2101 831 2188 Ἀχιλλεός,
862 2102 921 2172 καί
948 2102 981 2173 οὶ
1006 2099 1075 2173 ἀπὸ
1099 2101 1282 2192 πραπίδων
1301 2095 1385 2191 ἦλθ’

217 2211 330 2296 ἵμερος
350 2205 407 2299 ἥδ)
432 2207 500 2279 ἆπδ
522 2210 639 2299 γοίωνε
671 2208 856 2281 ἇθετεῖται·
883 2210 1080 2303 προείρηται
1104 2210 1166 2299 γὰρ
1188 2208 1312 2292 ἱκανῶς
1333 2209 1389 2277 διὰ

217 2322 274 2384 τοῦ
299 2313 429 2408 ,αὐτὰρ
459 2317 535 2388 ἐπεί
561 2326 602 2410 ῥα
630 2318 758 2407 γόοιοίέ.
793 2321 850 2389 καὶ
878 2317 1008 2407 όκόρως
1034 2312 1187 2389 τέθειται
1213 2319 1252 2387 τὸ
1274 2314 1388 2406 γυίων·

218 2420 255 2492 οὗ
273 2425 335 2512 γὰρ
352 2423 455 2507 οότως
475 2427 565 2515 λέγει
584 2425 695 2497 πάντα
715 2431 757 2497 τὰ
777 2429 872 2519 μέλη,
893 2426 980 2498 ἀλλὰ
1000 2427 1103 2516 μόνον
1122 2429 1183 2509 τὰς
1200 2432 1314 2515 χεῖρας
1335 2425 1391 2495 καὶ

217 2534 294 2615 τοὺς
317 2531 436 2616 πόδας.
470 2539 553 2605 Mihi
581 2541 661 2607 haec
687 2543 853 2608 verissima
878 2543 1034 2608 videntun
1085 2540 1130 2606 Et
1154 2540 1286 2624 quidem
1310 2538 1388 2605 haec

218 2647 364 2712 vocabuli
382 2653 497 2713 natura
517 2654 566 2714 est
587 2655 623 2714 ut
643 2673 730 2715 nunc
748 2652 854 2734 χεῖρες
875 2653 908 2714 et
928 2641 1032 2727 πόδες
1054 2649 1196 2732 (brachia
1217 2651 1249 2712 et
1271 2649 1389 2733 genua)

219 2755 326 2836 simul,
355 2780 440 2822 nunc
471 2758 659 2822 alterutrum
686 2757 827 2843 intelligi
852 2758 968 2843 possit:
1006 2758 1093 2842 quod
1126 2756 1274 2822 similiter
1298 2756 1337 2821 fit
1356 2757 1390 2821 in

217 2865 374 2929 vocabulo
395 2866 487 2950 μῆλα
510 2856 599 2949 αἶγες
619 2871 651 2932 et
674 2855 750 2942 οἶες.
787 2865 825 2930 In
839 2866 902 2930 hoc
916 2887 1044 2950 quoque
1059 2863 1215 2929 vocabulo
1236 2863 1389 2928 admone·

217 2993 290 3035 mur
311 2995 407 3055 quam
425 2995 553 3039 mancas
574 2975 750 3040 habeamus
764 2974 942 3040 Aristarchi
963 2976 1067 3039 notas.
1101 2969 1188 3036 Nam
1202 2992 1261 3035 nec
1276 2970 1312 3034 in
1332 2971 1389 3034 illo

217 3101 319 3158 versu,
340 3080 396 3143 ubi
418 3085 467 3145 est
488 3083 564 3162 γυῖα
585 3082 701 3146 ποδῶν
715 3083 894 3147 Aristarchi
915 3085 993 3146 nota
1015 3081 1056 3145 ad
1076 3079 1159 3143 hanc
1180 3101 1248 3143 rem
1268 3078 1389 3143 faciens

97 3258 99 3263 .
219 3192 343 3250 servata
359 3191 481 3253 estnec
502 3189 537 3252 in
559 3189 630 3255 aliis
653 3191 845 3274 quibusdam
867 3193 900 3254 et
921 3190 999 3274 ipsis
1022 3188 1099 3253 satis
1122 3186 1280 3271 expressis
1303 3186 1390 3251 etad

220 3293 501 3359 demonstrandum
528 3297 710 3380 aptissimis.
749 3298 799 3361 De
828 3290 997 3382 όμφίγυος
1021 3299 1137 3361 tamen⁹
1151 3295 1222 3359 vide
1243 3294 1389 3359 Ariston.

218 3403 255 3462 N
268 3407 335 3467 147.
369 3402 418 3466 De
442 3395 644 3490 ἀμφιγυήεις
666 3406 712 3486 (et
727 3402 790 3468 hoo
813 3404 942 3488 quidem
965 3425 1034 3468 esse
1056 3394 1215 3488 δμφίχειρ
1239 3421 1302 3486 ego
1323 3422 1390 3465 non

220 3507 344 3589 dubito)
378 3510 455 3592 quid
486 3513 622 3576 senserit
652 3512 818 3576 nescimus.
846 3548 885 3557 —
910 3508 1006 3575 Nunc
1041 3508 1281 3576 Nitzschius⁶⁰¹
1306 3508 1390 3572 hanc

155 3631 202 3683 113
220 3636 331 3680 vocem
346 3617 456 3702 attigit
477 3620 516 3683 ad
532 3619 590 3685 Od.
606 3643 626 3682 κ
641 3625 710 3688 363.
747 3617 810 3696 Qui
830 3621 1002 3703 postquam
1022 3617 1111 3682 illam
1133 3639 1230 3701 quam
1252 3615 1389 3681 diximus

220 3723 490 3808 significationem
513 3727 599 3811 apud
619 3726 797 3792 Homerum
823 3726 1005 3810 praevalere
1028 3724 1187 3790 concessit
1208 3724 1389 3789 admonuit·

221 3853 283 3914 que
306 3832 402 3896 etiam
421 3834 507 3918 apud
527 3839 674 3918 posteros
696 3834 786 3899 nulla
807 3837 911 3898 aetate
934 3856 1004 3898 eam
1023 3854 1154 3917 prorsus
1177 3831 1323 3915 deficere,
1344 3832 1389 3896 sic

220 3939 339 4022 pergit:
364 3939 662 4027 „Demungeachtet
682 3943 756 4007 thut
778 3942 855 4026 jene
876 3940 1102 4025 Bestimmung
1122 3963 1161 4004 zu
1182 3939 1254 4006 viel
1294 3939 1390 4004 Auch

222 4045 274 4109 bei
294 4045 418 4111 Homer
443 4050 549 4115 ufirde
579 4073 653 4115 man
680 4049 728 4114 oft
752 4072 791 4112 zu
822 4049 900 4112 steif
918 4049 968 4113 die
986 4047 1240 4133 Besohrankung
1262 4048 1321 4112 auf
1338 4046 1389 4111 die

286 4285 329 4325 ⁶0⁸
348 4281 413 4354 <Cui
430 4281 603 4352 gravioribus
621 4282 656 4336 de
674 4283 756 4336 rebus
775 4282 925 4338 assentitur
942 4281 978 4336 M.
991 4282 1089 4336 Hecht.
1109 4281 1214 4350 quaest.
1230 4279 1311 4338 Hom.
1330 4298 1357 4351 p.
1372 4283 1387 4334 5

99 4406 102 4414 ·
221 4387 281 4439 sqq.
298 4367 384 4423 fusius
403 4368 437 4422 do
455 4383 523 4421 voce
541 4374 609 4437 γυῖα
627 4366 784 4438 disserens.)
