3008 4980
224 307 280 368 186
402 300 450 354 ΙΙΙ.
471 298 512 355 Βε
531 299 686 354 Aristarchi
702 299 820 355 scientia
836 299 1013 370 antiquitatis
1028 299 1203 356 Homericae.

155 481 203 533 188
683 468 924 534 Protesilaus

218 639 285 682 non
312 619 352 684 ab
377 618 518 684 Hectore
550 620 682 686 occisus
730 618 815 685 Nam
844 611 1020 699 Δάρδανος
1044 611 1125 706 ἀνήρ
1154 622 1198 701 (Β
1223 621 1298 702 701)
1322 641 1384 685 uon

219 725 297 792 urbe
312 726 409 792 Troia
423 728 577 794 oriundus
592 732 642 794 est
659 750 697 793 ex
718 750 780 793 usu
794 726 976 792 Homerico.
1012 731 1042 791 B
1057 733 1118 797 819
1140 728 1177 794 cl
1200 749 1286 813 quae
1305 726 1383 792 infra

218 834 253 900 in
275 835 504 923 Geographicis
526 835 659 902 collecta
680 839 756 902 sunt
778 857 802 901 s.
824 834 997 902 Dardania.

643 1169 800 1235 Rhodus
820 1171 956 1235 insula

299 1320 424 1387 Fabula
452 1322 490 1387 de
511 1321 618 1406 pluvia
637 1320 838 1388 Rhodiorum
859 1320 934 1386 ficta
954 1343 974 1386 a
994 1319 1238 1386 recentioribus.
1274 1322 1305 1382 Β
1326 1325 1380 1389 670

215 1426 338 1512 τριχθὰ
366 1425 403 1494 δέ
431 1421 565 1514 ᾤκηθεν
590 1427 826 1517 κοταφυλαδδν
854 1421 916 1515 ἠδέ
943 1421 1089 1516 φίληθεν
1117 1421 1155 1491 έκ
1181 1421 1281 1506 Διός,
1312 1421 1381 1494 ὅστε

216 1537 330 1601 θεοῖσι
351 1533 408 1602 καὶ
429 1528 665 1620 ἀνθρώποισιν
687 1530 836 1614 ἀνάσσει,

353 1639 412 1708 καί
433 1665 514 1730 σφιν
534 1639 720 1708 θεσπέσιον
740 1641 887 1709 πλοῦτον
908 1637 1060 1723 κατέχευε
1082 1634 1250 1725 Κρονίωνι

217 1744 249 1835 (ἡ
275 1748 393 1838 διπλῆ)
420 1745 473 1817 ὅτι
494 1744 666 1833 Πίνδαρος
691 1748 754 1832 (Ol.
775 1750 839 1818 VH
862 1754 917 1834 sc.)
944 1743 1064 1836 κυρίως
1090 1745 1245 1816 δέδεκται
1268 1742 1383 1832 χρυσὸν

216 1847 295 1924 ὗσαι
312 1855 370 1925 τδν
390 1852 470 1936 Δία,
490 1850 638 1944 Ὁμήρου
658 1863 834 1948 μεταφορᾷ
855 1855 1053 1946 κεχρημένου
1075 1854 1133 1924 διὰ
1153 1857 1213 1924 τοῦ
1233 1849 1385 1934 κατέχευε

134 1973 205 2041 (189)
218 1963 303 2052 ιιρὸς
323 1960 469 2053 έμφασιν
492 1969 553 2031 τοῦ
572 1960 728 2033 πλούτου.
771 1968 865 2034 Ηεαα
888 1967 1088 2053 disciplinam
1109 1969 1238 2032 secutus
1260 1963 1387 2041 Strabo,

216 2097 256 2141 ex
275 2074 489 2160 Apollodoro,
511 2075 638 2160 opinor,
672 2098 816 2155 sumens,
838 2074 915 2141 XIV
940 2099 973 2161 p.
995 2082 1069 2143 654:
1100 2068 1190 2139 έοικε
1217 2067 1255 2137 δέ
1281 2066 1342 2135 καί
1368 2063 1385 2134 ὁ

216 2178 359 2269 ποιητὴς
378 2183 554 2266 μαρτυρεῖν
573 2178 633 2267 τὴν
660 2178 697 2248 ἐκ
718 2183 867 2250 παλαιοῦ
887 2184 1059 2268 παροῦσαν
1078 2181 1148 2258 ταῖς
1163 2171 1313 2255 Ῥοδίοις
1334 2169 1387 2242 εὖ·

216 2286 395 2373 δαιμονίαν
421 2281 523 2368 εὐθὺς
548 2282 618 2354 dno
642 2293 702 2376 τῆς
723 2287 856 2377 πρώτης
880 2285 1017 2368 κτίσεως
1035 2291 1102 2354 τῶν
1120 2289 1221 2374 τριῶν
1243 2280 1387 2352 πόλεων.

216 2398 300 2464 Tum
322 2399 456 2484 apponit
477 2398 552 2465 illos
574 2401 638 2463 tres
657 2421 776 2465 versus.
812 2398 937 2465 Deinde
957 2399 1078 2485 pergit:
1101 2390 1133 2461 ολ
1155 2389 1184 2460 δ
1208 2387 1257 2472 εἰς
1276 2395 1390 2476 μῦθον

216 2500 382 2593 ἀνήγαγον
399 2504 437 2572 τὸ
458 2501 540 2584 έτιος
561 2504 618 2572 καί
637 2505 756 2591 χρυσὸν
776 2498 926 2594 δοθῆναί
947 2527 1050 2594 φασιν
1071 2501 1106 2570 ἐν
1126 2507 1167 2593 τῇ
1190 2494 1280 2590 κη’σηι
1301 2497 1389 2567 κατὰ

214 2610 273 2702 τήν
292 2616 351 2700 τῆς
368 2606 515 2702 Ἀθηνᾶς
542 2611 667 2698 γένεσιν
688 2611 725 2680 ἐκ
749 2616 808 2700 τῆς
826 2613 975 2701 κεφαλῆς
995 2615 1056 2680 τοῦ
1076 2605 1177 2690 Διός,
1203 2603 1252 2688 ὥς
1278 2603 1390 2697 εἴρηκε

215 2719 393 2807 Πίνδαρος.
440 2722 547 2790 Idem}
561 2725 601 2789 ad
626 2723 802 2789 Pindarum
829 2723 876 2790 Ol
903 2721 966 2788 VII
988 2727 1029 2789 62
1058 2713 1157 2803 (ἔνθα
1183 2713 1267 2784 ποτέ
1292 2713 1390 2802 βρέχε

215 2833 307 2896 θεῶν
327 2828 484 2914 βασιλεὺς
510 2812 541 2897 δἓ
557 2827 660 2915 μέγας
682 2833 816 2916 χρυσαῖς
844 2823 1022 2919 νιφάδεσσι
1049 2822 1163 2911 πόλιν)
1189 2825 1389 2892 Aristarchei

217 2944 422 3021 notaverant,
449 2942 534 3005 unde
559 2941 623 3006 hoc
648 2939 741 3004 fluxit
768 2938 927 3005 scholion:
964 2938 1059 3002 τοῦτο
1091 2932 1128 3000 ἐκ
1152 2936 1217 2997 τῶν
1238 2927 1389 3019 Ὁμήρου

218 3041 380 3133 ὁρμηθείς
401 3044 504 3133 λέγει,
536 3043 589 3114 δτι
611 3044 694 3123 Ζεδς
717 3043 837 3127 χρυσὸν
865 3039 978 3128 έβρεξε
1006 3046 1078 3120 τοῖς
1094 3035 1240 3118 Ῥοδίοις
1269 3038 1389 3106 διὰτὸ

216 3153 274 3223 τὸν
294 3153 438 3244 ποιητὴν
459 3150 626 3242 εἰρηκέναι
646 3147 705 3218 καί
722 3176 803 3241 σφιν
823 3155 860 3217 δ.
882 3156 941 3220 cet.
965 3144 1025 3217 οὐκ
1052 3141 1221 3236 εἰρηκότος
1237 3141 1390 3235 Ὁμήρου

218 3259 271 3328 ὅτι
291 3256 310 3328 δ
334 3261 419 3340 Ζεὺς
440 3257 551 3349 ἔβρεξε
570 3257 689 3346 χρυσόν
695 3309 704 3340 ,
729 3255 816 3327 ἀλλὰ
837 3254 1055 3347 περιεποίησε
1074 3251 1176 3344 χύδην
1197 3252 1312 3335 αὐτοῖς
1331 3254 1391 3322 τδν

217 3369 372 3439 πλοῦτον,
408 3371 472 3439 sed
487 3373 575 3456 quod
588 3370 708 3436 ibidem
722 3371 757 3435 iu
772 3369 873 3435 altero
896 3367 1019 3434 scholio
1036 3371 1098 3434 est:
1118 3367 1215 3431 τοῦτο
1235 3357 1392 3450 ι’ίντικρυς

218 3474 260 3543 ἐκ
279 3480 347 3544 τοῦ
368 3471 640 3562 ἆθεταυμένου
652 3471 864 3564 Ὁμηρικοῦ
884 3469 1016 3555 στίχου
1032 3468 1168 3561 εἴληφεν
1182 3464 1201 3540 δ
1217 3466 1392 3557 Πίνδαρος

219 3581 277 3652 καί
298 3609 379 3676 σφιν
400 3627 441 3636 -
461 3587 524 3654 hoo
545 3588 688 3654 videmus
709 3608 776 3651 non
797 3583 1039 3650 Aristarcheum
1061 3606 1138 3650 esse.
1175 3581 1238 3661 Qui
1261 3605 1391 3649 versum

219 3719 277 3781 pro
300 3695 409 3782 spurio
431 3695 595 3762 hebebant
621 3717 688 3760 non
716 3693 895 3780 putaverim
926 3715 963 3758 ea
993 3714 1087 3757 causa
1110 3693 1290 3757 commotos
1312 3713 1391 3771 esse,

220 3826 301 3888 quae
315 3803 460 3868 Hefftero
483 3804 621 3869 occurrit
636 3802 791 3886 (Gotterd.
806 3800 865 3866 auf
874 3799 978 3866 Rhod.
994 3798 1070 3884 Hp.
1086 3801 1148 3883 28),
1170 3798 1226 3882 qui
1247 3801 1392 3864 ceterum

221 3909 302 3976 bene
325 3932 398 3976 eum
420 3909 579 3988 defendit,
608 3910 665 3976 sed
691 3909 827 3974 maxime
856 3907 901 3988 (id
922 3906 1125 3992 quodetiam
1147 3904 1304 3971 Wolfium
1323 3906 1392 3971 for-

220 4021 305 4083 tasse
319 4017 472 4083 moritui
487 4040 560 4084 eum
575 4018 665 4083 uncis
686 4016 877 4098 includeret)
899 4015 1072 4099 repetitum
1092 4013 1281 4093 subiectum,
1302 4015 1392 4099 quod

221 4129 330 4191 tamen
349 4124 494 4191 Homero
515 4125 670 4190 familiare
692 4127 750 4190 est.

157 4251 204 4302 189
305 4233 454 4300 (laterum
468 4236 501 4299 et
521 4233 590 4317 ipse
612 4233 735 4318 opinor,
756 4232 783 4297 si
798 4231 957 4297 Homerus
972 4230 1114 4316 pluviam
1133 4251 1262 4295 auream
1284 4229 1391 4297 dicere

222 4341 385 4421 voluisset,
405 4362 472 4407 non
494 4340 586 4425 quasi
606 4362 664 4426 per
684 4337 849 4404 involucra
869 4337 1011 4404 fabulam
1033 4337 1235 4405 ostendisset.

691 4477 921 4492 u--u——uu-—p-ww
