3008 4980
270 363 293 415 4.
322 356 363 414 De
380 357 576 428 grammaticis,
594 357 643 428 qui
660 352 829 415 ἐνσιατιιιοί
844 360 873 415 11
891 361 1004 416 λυτικοί
1021 359 1090 416 dicti
1107 362 1179 416 suut
1244 367 1303 430 219

135 528 251 616 phyrio
277 529 311 591 111
338 528 574 592 commentariis
595 527 775 593 Homericis
797 528 972 593 afferuntur
993 532 1045 607 ut,
1068 529 1096 593 si
1117 529 1245 613 quidem
1267 550 1304 592 ea

137 637 280 722 genuina
309 639 396 717 sunt,
421 636 508 700 haud
534 636 769 701 contemnenda
795 658 833 701 ex
858 636 921 701 hoc
946 636 1029 701 libro
1055 636 1151 701 hodie
1178 638 1305 701 exstent

135 746 326 831 fragmenta.
371 743 435 810 Sed
462 744 610 828 equidem
637 744 781 808 nondum
802 744 894 828 potui
915 743 994 808 mihi
1014 745 1219 829 persuadere,
1239 766 1305 809 non

137 852 305 918 subdititio
327 851 411 917 libro
434 874 528 917 usum
551 874 619 916 esse
634 850 855 936 Porphyrium
884 850 965 916 Tam
987 852 1094 917 omnia
1115 852 1144 916 ei
1166 873 1305 916 comme·

135 965 261 1026 morata
296 960 404 1024 ieiuna
430 964 505 1024 sunt
531 962 627 1042 atque
657 959 698 1022 ab
729 958 914 1024 Aristotelis
939 959 1071 1044 ingenio
1102 962 1135 1024 et
1160 958 1306 1023 doctrina

137 1069 250 1133 aliena.
292 1068 441 1151 Denique
465 1089 522 1131 cur
543 1089 561 1130 a
583 1066 888 1132 commentatoribus
907 1066 1087 1132 Homericis
1107 1065 1304 1151 reliquisque

136 1176 324 1242 Homericus
347 1175 550 1259 quaestiones
564 1174 786 1252 tractantibus,
808 1179 845 1239 ut
859 1173 1041 1253 Plutarcho,
1058 1175 1111 1239 hio
1126 1173 1207 1239 liber
1221 1195 1304 1237 nun-

138 1306 236 1368 quam
258 1285 298 1348 ad
311 1286 418 1368 partes
434 1285 576 1358 vocatus,
591 1304 611 1346 a
625 1280 695 1346 solo
710 1280 889 1366 Porphyrio
905 1282 1064 1347 adscitus?
1086 1281 1165 1366 (cn.
1181 1279 1304 1365 Senge-

136 1391 249 1456 husch.
278 1390 374 1456 Hom.
399 1390 471 1455 diss.
489 1388 548 1473 Ip.
564 1397 603 1455 74
618 1410 666 1472 sq.
681 1388 907 1454 Friedlaender
924 1390 958 1453 in
979 1387 1176 1454 Fleckeisen.
1200 1388 1302 1457 annal.

135 1496 283 1565 LXXVII
301 1522 331 1583 p.
350 1498 416 1582 24.>
438 1497 518 1562 Post
536 1495 745 1561 Aristotelem
767 1497 1063 1562 commemorandae
1085 1497 1304 1571 Heraclidis

136 1607 265 1673 Pontici
286 1600 396 1682 λύσεις
406 1597 593 1690 Ὁμηρικαί,
614 1604 710 1689 Diog.
725 1604 777 1671 La.
792 1604 823 1670 V
838 1609 887 1673 88.
917 1603 1098 1688 Specimina
1116 1608 1191 1670 sunt
1205 1604 1303 1670 schol.

136 1718 167 1778 B
190 1721 259 1782 649.
289 1718 320 1776 Γ
338 1718 407 1781 236.
438 1735 456 1775 ν
479 1719 545 1780 119.
573 1713 733 1798 Deinceps
754 1716 1023 1778 commemoretur
1043 1713 1125 1778 illud
1144 1712 1304 1792 volumen,

135 1824 170 1888 in
193 1824 280 1907 quod
306 1824 389 1888 teste
417 1819 596 1904 Porphyrio
623 1824 657 1883 K
677 1828 737 1887 274
759 1820 972 1886 Alexandriae
1000 1821 1205 1904 quaestiones
1229 1844 1305 1904 pro·

136 1930 262 2016 positae
284 1951 349 1994 una
369 1951 442 1993 cum
463 1927 679 1993 solutionibus
701 1929 820 1994 relatae
843 1932 931 1993 sunt:
954 1928 991 1991 de
1011 1949 1075 2012 quo
1091 1929 1169 1994 scite
1185 1929 1306 1994 dictum

137 2042 189 2104 est
213 2035 325 2102 Wolfii
350 2061 381 2122 p.
404 2035 524 2102 CXCV.
560 2035 702 2100 Proximi
728 2042 805 2101 sunt
832 2040 958 2122 praeter
984 2033 1182 2101 Sosibium
1204 2035 1304 2118 (Suid.

137 2145 254 2210 Athen.
276 2147 349 2227 493)
371 2142 488 2224 Zeno,
510 2141 636 2210 Stoicae
659 2144 846 2229 disciplinae
869 2147 993 2224 auctor,
1015 2148 1048 2208 11
1068 2143 1305 2210 Athenodorus

135 2252 195 2318 Ille
217 2252 344 2336 scripsit
354 2244 542 2338 Ὁμηρικῶν
563 2245 810 2337 προβλημάτων
830 2253 930 2317 libros
953 2251 1105 2336 quinque,
1127 2252 1165 2317 de
1188 2251 1305 2336 quibus

134 2383 164 2425 v.
186 2359 315 2445 Menag.
339 2360 379 2424 ad
399 2360 496 2444 Diog.
511 2357 574 2424 VH
594 2366 622 2426 4.
651 2360 744 2424 Arati
764 2359 862 2423 frater
882 2359 1158 2425 Athenodorus
1180 2358 1307 2443 scripsit

136 2470 249 2532 contra
270 2466 405 2534 Zoilum.
447 2467 539 2532 Arati
560 2466 615 2531 vit.
637 2465 684 2532 ΙΠ
707 2490 756 2551 ap.
778 2465 1115 2552 Barbariana:
1139 2458 1307 2552 ἀδελφοὺς

137 2568 170 2638 d'
197 2568 270 2654 ἔσχε
295 2567 414 2661 Λάρην
438 2596 474 2638 τε
500 2571 557 2638 καὶ
582 2568 779 2639 Καλλιόδαν
802 2570 860 2638 καὶ
876 2566 1123 2660 Ἀθηνόδωρον,
1147 2567 1186 2639 ὅν
1205 2592 1306 2662 φησιν

136 2673 321 2769 Εὐφράνωρ
344 2674 547 2772 ἀντιγράψαι
568 2678 654 2763 πρὸς
673 2679 733 2759 τὰς
752 2685 812 2747 τοῦ
833 2678 966 2747 Ζωΐλου
987 2675 1194 2767 κατηγορίας,
1231 2681 1307 2747 Fuit

136 2812 211 2854 cum
232 2794 378 2874 putarem
393 2791 595 2856 Athenodori
609 2812 728 2856 nomen
742 2812 801 2875 pro
816 2789 984 2856 Zenodoro
999 2791 1221 2876 reponendum
1237 2811 1305 2855 esse

136 2896 237 2962 schol.
268 2899 297 2958 Σ
316 2903 371 2975 22,
398 2898 455 2963 ubi
484 2896 594 2963 Zoilus
621 2919 640 2961 a
669 2896 837 2963 Zenodoro
864 2897 1030 2964 refutatur.
1074 2896 1138 2964 Sed
1163 2897 1306 2963 intellexi

135 3027 204 3070 non
225 3006 440 3070 necessarium
463 3027 546 3071 esse:
573 3006 672 3070 immo
693 3006 805 3085 verba,
830 3028 912 3090 quae
938 3005 985 3070 ibi
1011 3008 1094 3085 sunt,
1117 3001 1173 3070 καὶ
1196 2997 1307 3082 άλλως

135 3104 267 3199 συνήθη
292 3114 460 3198 ταῦτατῷ
480 3134 516 3177 τε
536 3106 600 3199 βίῳ
628 3114 802 3194 declarant,
829 3113 892 3178 hoc
912 3114 1051 3198 petitum
1072 3135 1140 3179 esse
1163 3137 1180 3178 e
1202 3112 1306 3178 Zeno·

137 3219 207 3286 dori
227 3219 311 3286 libro
332 3216 410 3301 περὶ
429 3221 489 3307 τῆς
505 3214 652 3307 Ὁμήρου
674 3215 854 3306 συνηθείας
873 3221 951 3304 (sch.
969 3220 1123 3306 Porphyr.
1139 3222 1181 3287 ad
1194 3224 1223 3284 Σ
1236 3226 1387 3301 3511111)

136 3327 175 3393 cf.
197 3327 238 3392 ad
260 3329 290 3390 P
309 3329 442 3412 263)¹³⁸.
464 3366 505 3376 -
525 3327 636 3394 Iunior
661 3327 897 3406 Zenodotus,
925 3328 1016 3393 cuius
1038 3321 1148 3404 λύσεις
1166 3321 1304 3415 Ὁμηρι-

136 3436 205 3500 κῶν
226 3427 451 3521 άπορημάτων
472 3434 559 3502 Suid.
581 3440 818 3503 commemorat.
841 3434 946 3502 Schol.
968 3438 1007 3499 A
1025 3443 1052 3503 1.
1075 3439 1170 3505 1312.
1194 3440 1222 3499 Γ
1234 3441 1303 3504 236.

136 3582 177 3591 -
203 3543 423 3609 Heraclidis
458 3545 593 3610 iunioris
629 3538 746 3622 λέσχαι
780 3543 1054 3628 hendecasyllabis
1090 3544 1239 3629 scriptae,
1267 3548 1305 3609 ut

134 3651 317 3716 Meinekius
339 3652 448 3717 docuit
468 3652 612 3718 Analect.
634 3651 724 3719 Alex
746 3674 775 3736 p.
798 3656 867 3720 378.
889 3689 929 3698 -
952 3650 1104 3717 Seleuci
1130 3648 1215 3737 πρὸς
1236 3649 1304 3740 Ζη-

135 3780 223 3822 νωνα
242 3751 443 3842 προτατικόν
464 3760 564 3825 schol.
585 3759 750 3844 Aristoph.
771 3758 1100 3843 Thesmophor1175
1124 3763 1164 3841 et,
1185 3764 1222 3825 ut
1242 3784 1303 3845 pu·

134 3869 214 3945 tant,
236 3865 277 3930 ad
298 3865 528 3951 Thesmophor.
552 3873 612 3935 840
636 3889 695 3952 pro
725 3861 894 3951 ὁμηρικῶς
919 3867 1127 3932 emendantes
1156 3860 1302 3954 ὁὋμη-
1321 3886 1369 3938 113

204 4082 242 4123 138
258 4080 353 4136 Falsus
365 4082 470 4148 Suidas,
489 4082 537 4152 qui
549 4083 602 4139 hoc
614 4100 683 4154 opus
701 4083 834 4139 adscribit
845 4083 985 4140 Zenodoto
1002 4084 1199 4141 Alexandrino.
1225 4085 1303 4140 Idem

136 4181 212 4220 error
229 4165 349 4221 nominis
371 4166 401 4222 in
419 4168 478 4222 cod.
497 4167 573 4222 Leid.
592 4167 629 4222 ad
647 4171 676 4224 Σ
693 4173 750 4223 356.
786 4167 885 4223 Nescio
908 4168 977 4237 quid
993 4169 1168 4224 Mfitzellium
1184 4169 1304 4225 moverit

135 4249 169 4304 de
187 4249 299 4304 Hesiod.
318 4268 345 4320 p.
363 4254 424 4315 282,
442 4254 475 4307 ut
490 4252 636 4322 tantopere
654 4269 705 4323 pro
722 4252 863 4308 Zenodoto
881 4252 1026 4309 niteretur.
1063 4253 1222 4324 Disputatio
1244 4253 1302 4308 eius

134 4336 163 4388 et
184 4350 236 4403 per
257 4351 286 4389 se
307 4351 381 4390 vana
402 4338 431 4390 et
453 4352 485 4391 eo
506 4335 595 4405 magis
616 4352 680 4390 cum
701 4335 751 4393 uni
771 4335 832 4392 loco
851 4339 880 4392 Σ
895 4341 943 4393 356
967 4338 1107 4393 confidens
1132 4337 1301 4407 reliquorum

136 4418 257 4473 duorum
275 4421 315 4488 (Σ
331 4423 372 4474 22.
395 4421 493 4490 Ρ163)
510 4419 655 4477 immemor
672 4420 714 4477 sit
