3008 4980
218 321 280 384 31⁰
673 320 719 376 IV.
742 319 784 374 De
800 320 936 390 prosodia.

300 478 333 545 Ξ
356 489 417 550 340
442 480 481 548 τὸ
506 480 650 550 sinder
676 483 695 552 ὁ
717 481 960 574 Ἀσκαλωνίτης
983 485 1097 576 ψιλοί,
1132 482 1241 572 λέγων
1266 482 1311 566 ὡς
1334 478 1380 556 δτι

216 589 257 653 τὰ
274 586 480 671 δαστνόμενα
494 589 529 657 ἔν
550 598 590 681 τῇ
611 591 788 659 ἐντανθίσει
808 598 868 660 τοῦ
890 620 906 658 ι·
929 594 1091 680 pannem
1110 587 1160 672 ὡς
1181 591 1264 673 ὅλος
1284 587 1380 675 οὖλος.

219 696 324 776 οὕτως
349 690 491 764 οὖνκαὶ
519 700 558 765 τὸ
586 698 683 766 ἕαδεν
706 695 823 767 sinder
847 698 976 786 γένοιτο
1001 697 1219 791 ψιλοίμενον.
1263 700 1324 789 ἐγὼ
1350 701 1381 770 δὲ

218 806 305 889 πρὸς
323 805 384 892 τήν
404 803 535 894 σι’νήθη
557 803 743 892 ἀνάγνωσιν
771 813 804 894 (l
825 806 889 893 ἐγὼ
915 807 952 874 δὲ
972 805 1204 892 προστίθεμαι
1226 813 1268 900 τῇ
1294 832 1322 879 ο.
1342 804 1380 896 ἆ.)

219 910 426 979 δασίνοιοαν
447 917 481 997 ll
501 923 570 1004 οη)
591 916 629 982 τὸ
651 941 684 995 α,
709 917 874 985 νινλοέοαν
895 914 932 981 δὲ
951 916 1011 1004 τήν
1031 940 1067 983 ια
1089 911 1295 1007 δίφθογγον.
1333 917 1381 984 καί

218 1016 335 1104 ἔχομεν
355 1019 463 1090 ἐκεῖνο
484 1019 602 1103 εἰπεῖν,
624 1021 671 1102 ὦς
691 1019 720 1089 εἰ
741 1021 831 1091 ἴδιον
851 1023 1019 1091 οννθέτιον
1032 1021 1152 1104 λέξεων
1170 1022 1209 1092 τὸ
1227 1023 1287 1092 καὶ
1306 1024 1380 1091 κατὰ

136 1144 208 1213 (327)
220 1127 325 1213 μέσον
345 1126 561 1210 δαοίνεσθια,
585 1128 724 1215 οἴδαμεν
744 1130 781 1198 δὲ
802 1132 917 1197 καὶτὸ
939 1129 1002 1198 ἅδε
1021 1136 1111 1219 ῥῆμα
1132 1136 1278 1214 συνεχῶς
1297 1132 1381 1218 παρὰ

217 1242 265 1323 τῷ
286 1243 410 1328 ποιητῇ
431 1241 516 1323 (add.
537 1236 790 1323 δαοννὸμενον),
811 1235 948 1318 circinos·
966 1233 1007 1304 ὂν
1027 1233 1198 1329 φήσαιμεν
1217 1237 1330 1308 ὅτιτὸ
1350 1233 1381 1307 τί

219 1343 387 1433 ἒπίρῤημα
413 1349 591 1434 προσῆλθε
612 1347 669 1414 καί
695 1346 799 1426 οὕτως
823 1343 997 1436 ἐφελᾶχθη
1022 1351 1081 1413 τοῦ
1106 1340 1259 1434 ῥήματος
1283 1343 1304 1436 ή
1328 1349 1381 1414 δα-

219 1456 295 1518 σεῖα
319 1447 367 1530 ὥς
391 1451 427 1518 ἐν
452 1452 536 1535 λέξει
565 1453 730 1541 σννθέτφ·
759 1455 798 1520 τὸ
819 1452 934 1537 μέντοι
954 1451 1033 1520 ἕαδε
1054 1450 1218 1540 διαίρεσίι,Ι
1241 1452 1311 1523 εὀτι
1329 1460 1382 1522 τοῦ

225 1550 293 1648 vide.
326 1563 504 1629 Herodiani
525 1565 570 1649 (v.
590 1564 699 1629 belus.
721 1564 798 1629 Her.
820 1588 852 1649 p.
872 1564 959 1648 285).

303 1725 343 1784 A
364 1727 424 1789 358
446 1714 538 1809 ὄφρα
559 1717 597 1785 δὲ
621 1716 782 1807 Τυδείδης
799 1719 883 1804 μετὰ
905 1711 1065 1802 δσίρατος
1085 1713 1176 1806 ᾤχετ’
1200 1717 1317 1809 ἐρωήν,

363 1827 444 1914 τῆλε
466 1826 524 1892 διὰ
544 1823 735 1911 προμάχων,
759 1825 822 1894 ὅθι
844 1824 876 1894 oi
897 1821 1092 1893 καταείσατο
1115 1821 1220 1914 γαίης,

365 1931 461 2022 τόφρ’
486 1975 537 2002 -.

220 2044 329 2112 Schol.
349 2045 382 2108 A
402 2036 659 2109 καταείσατο·
684 2040 866 2128 enimim-
893 2037 962 2109 ἀπὸ
981 2040 1043 2128 γὰρ
1064 2045 1123 2108 τοῦ
1144 2036 1225 2108 εἴδω
1248 2040 1382 2134 βαρυτό-

221 2175 277 2216 νοι·
298 2146 318 2216 ὃ
339 2144 572 2237 σχηματισμός.
608 2151 682 2218 Scls
696 2152 750 2218 BL
765 2146 871 2239 ἐφάνη
890 2148 983 2236 παρὰ
1003 2147 1041 2214 τὸ
1063 2143 1200 2238 εἴδω·ή
1221 2147 1380 2240 κατήχθη,

219 2256 314 2343 ,ταρὰ
335 2256 374 2324 τὸ
396 2251 456 2322 εἴιο
476 2256 514 2322 τὸ
539 2257 719 2344 δηλοῦντὸ
741 2254 937 2342 πορείομαι.
979 2259 1097 2323 Mirum
1119 2262 1213 2339 esset,
1234 2261 1263 2325 si
1284 2261 1383 2328 Hero·

221 2367 336 2432 dianus
354 2371 421 2432 tam
442 2390 590 2452 perverse
610 2367 697 2432 hunc
717 2366 826 2432 locum
845 2366 1054 2432 intellexisset
1074 2370 1111 2430 nt
1130 2367 1266 2433 verbum
1288 2392 1384 2433 κατα-

220 2469 333 2541 είσατο
362 2476 404 2540 ab
431 2467 512 2538 εἴδω
539 2475 696 2540 derivaret
724 2479 822 2559 atque
846 2496 905 2560 per
932 2467 1037 2558 ἐφάνη
1064 2473 1237 2559 explicaret
1263 2477 1337 2556 „ubi
1357 2478 1384 2543 ei

218 2585 309 2651 humi
330 2584 507 2669 apparebat
527 2583 646 2648 hasts“.
680 2582 753 2647 Hoc
778 2581 845 2646 illis
869 2580 1100 2666 posterioribus
1128 2581 1383 2668 relinquendum,

222 2715 361 2778 quorum
381 2693 564 2755 commenta
584 2690 619 2753 in
641 2688 814 2755 scholiisB
835 2692 868 2754 et
887 2688 913 2753 Ιν
933 2688 1076 2772 leffl'mns,
1096 2689 1181 2755 unde
1202 2688 1287 2757 illud
1309 2685 1384 2756 εἴδω

220 2802 254 2866 in
282 2798 429 2865 scholion
456 2797 576 2863 codicis
596 2800 625 2862 A
647 2802 727 2882 puto
748 2797 850 2862 invito
870 2799 998 2861 auctore
1019 2797 1182 2882 migrasse.
1224 2797 1386 2883 liquidem

220 2910 260 2974 ab
294 2907 481 2973 Herodiano
512 2906 690 2989 putaverim
723 2897 782 2968 εἴιο
815 2904 995 2990 profectum
1026 2925 1103 2971 esse.
1144 2901 1385 2988 Inquisiverunt

220 3017 306 3082 enim
333 3018 457 3080 veteres
482 3015 517 3078 in
544 3014 699 3091 rationes,
725 3034 782 3077 cur
807 3012 890 3078 lenis
911 3015 996 3077 esset
1016 3010 1104 3075 verbi
1126 2999 1195 3090 εἶμι
1216 3014 1387 3098 aspiratio:

153 3145 202 3196 ³15
219 3125 312 3190 Eust.
334 3130 474 3209 p.1407,
496 3129 536 3190 54
558 3119 721 3210 ψιλοῖται
743 3115 838 3183 δὲτὸ
860 3108 928 3200 εἶμι
948 3114 1060 3183 καὶτὸ
1083 3106 1130 3193 εἷς
1150 3109 1224 3183 ἀντὶ
1243 3123 1306 3185 τοῦ
1326 3144 1387 3188 no·

218 3228 311 3320 ρεύῃ,
341 3225 431 3318 ἔρχῃ,
460 3227 517 3294 διὰ
538 3226 599 3316 τὴν
627 3222 807 3294 ε’ντὲνθεσιν
826 3229 886 3293 τοῦ
908 3246 933 3291 ι·
968 3217 1078 3302 deneg
1097 3221 1159 3308 yolo
1182 3217 1387 3294 δασύνεσθαι

218 3335 363 3428 ὤφειλεν
377 3331 447 3404 ἀπὸ
469 3341 528 3403 τοῦ
551 3332 595 3402 ἕω
615 3334 654 3400 τὸ
676 3328 873 3417 πορεύομαι.
907 3333 1024 3399 Forma
1038 3325 1095 3396 είω
1109 3331 1230 3417 ubique
1246 3359 1266 3400 a
1281 3359 1387 3422 gram-

218 3450 344 3516 maticis
373 3447 518 3513 adhibite
551 3446 586 3510 in
616 3445 728 3510 formis
761 3442 908 3508 vocabuli
939 3430 1008 3523 εἶμι
1039 3440 1246 3524 explicandis
1280 3443 1320 3508 E.
1347 3444 1388 3510 Μ.

221 3565 292 3636 121,
314 3564 363 3626 29.
406 3554 513 3622 Schol.
534 3553 612 3621 Hes.
634 3552 722 3620 Scnt.
745 3555 794 3618 23.
815 3587 857 3596 —-
876 3547 1024 3614 Fortasse
1046 3547 1188 3627 fuerunt,
1210 3549 1268 3632 qui
1292 3552 1389 3616 code

219 3689 283 3751 quo
312 3665 446 3730 dicimus
473 3663 546 3728 loco
571 3653 769 3723 καταείσατο
799 3650 980 3722 auct-{ln
1003 3647 1171 3739 (καθίημι)
1199 3654 1390 3737 ἀναίνονται,

219 3797 316 3840 sensu
337 3772 541 3838 intransitive
564 3769 614 3852 (cf.
637 3767 758 3832 Buttm.
781 3787 827 3850 gr.
848 3763 907 3849 lp.
923 3765 1005 3844 545),
1029 3762 1115 3846 iique
1137 3761 1177 3826 ab
1199 3759 1388 3830 Herodiano

218 3882 358 3948 refutati.
401 3879 467 3947 Sed
487 3879 566 3944 haee
587 3897 675 3941 mera
696 3873 835 3958 suspicio
857 3875 915 3936 est.

299 4052 329 4113 E
351 4054 409 4116 164
430 4039 634 4119 ἆίκονταςι
664 4032 813 4125 στέρησίς
840 4034 908 4102 ἐστι
934 4038 992 4101 τοῦ
1016 4026 1131 4099 ἑκόντα
1161 4030 1200 4099 τὸ
1228 4026 1390 4101 ἀέκοντα·

219 4156 272 4225 διὸ
290 4150 468 4222 δασυντέον
482 4151 520 4219 τὸ
536 4175 561 4220 ε.
597 4141 714 4213 πταίει
737 4135 794 4210 οὖν
808 4139 932 4221 Νικίας
952 4141 1064 4231 ψιλῶν
1083 4137 1120 4206 τὸ
1142 4159 1172 4203 c·
1196 4132 1306 4206 οἴεται
1330 4142 1392 4228 γὰρ

216 4271 264 4354 τῷ
284 4268 369 4354 (cod.
385 4261 439 4349 cb>
461 4255 584 4327 ὄίκοντα
599 4246 843 4325 ε’σεντίθεοθαι
863 4250 902 4319 τὸ
925 4274 950 4329 ε,
974 4245 1056 4331 ὅπερ
1077 4239 1136 4312 οὐκ
1157 4240 1241 4310 ἔστι·
1262 4247 1303 4314 τὸ
1327 4249 1390 4334 γὰρ

220 4370 342 4445 ίίκοντα
364 4364 552 4460 συναλοιφή
573 4365 643 4435 ἐστι
663 4366 723 4429 τοῦ
745 4356 895 4429 ἀέκοντα,
933 4355 990 4424 διὰ
1004 4351 1088 4421 τίδὲ
1106 4351 1144 4420 τὸ
1167 4377 1188 4418 α
1210 4350 1388 4445 ἑψιλοίθη,
