3046 4980
235 342 275 406 58
318 333 351 391 11.
377 334 419 391 De
437 333 613 390 Aristarchea
630 334 828 390 vocabulorum
846 331 1055 389 Homericorum
1071 329 1310 402 interpretatione.

187 522 219 572 οι
237 525 309 568 crus
334 503 502 583 bubulum,
533 526 597 588 quo
623 502 733 569 Ulixes
759 501 935 586 percutitur
960 525 978 585 ρ
1001 499 1070 568 4642
1093 524 1112 563 v
1134 503 1216 583 305).
1256 497 1339 563 Item
1360 497 1398 561 de

170 613 223 684 (69)
236 603 329 696 βολή.
365 612 395 673 E
416 618 473 678 145
500 604 533 696 (ἡ
558 609 673 699 διπλῆ)
695 605 748 675 ὅτι
767 607 826 696 τὴν
846 602 1024 693 πόῤῥωθεν
1044 609 1163 691 τρῶσεν
1180 602 1284 693 βολὴν
1304 600 1399 687 λέγει.

234 845 374 898 starcheas
381 843 515 899 lectiones
526 846 689 913 aspernatus
699 845 748 907 est,
766 860 853 896 unum
865 839 964 895 criseos
973 839 1129 895 Wolfianae
1141 855 1261 893 errorem
1278 837 1400 908 positum

234 928 334 983 iudico.
362 929 395 982 In
416 927 491 992 aliis,
513 927 562 981 nbi
578 927 828 982 Alexandrinorum
849 924 983 979 lectiones
1001 924 1045 979 vel
1066 924 1141 978 haud
1158 923 1339 977 innotuerunt
1356 920 1400 975 vel

233 1011 352 1066 liberum
375 1029 432 1066 esse
455 1011 539 1066 debet
556 1011 690 1066 iudicium
706 1013 844 1071 nostrum,
862 1011 894 1063 ut
911 1008 939 1062 in
957 1007 1196 1078 interpunctione,
1215 1022 1247 1061 eo
1264 1004 1399 1076 peccarit,

234 1096 310 1164 quod
321 1094 454 1150 sermonis
465 1095 605 1151 Homerici
615 1095 691 1164 leges
703 1097 732 1149 et
742 1093 861 1148 maxime
873 1092 1051 1163 periodorum
1068 1091 1262 1146 struendarum
1279 1090 1400 1144 rationes

233 1197 291 1234 non
308 1180 374 1235 satis
392 1179 516 1250 cognitas
533 1179 664 1234 habebat.
697 1180 729 1232 In
752 1196 806 1247 quc
824 1178 883 1248 ipse
897 1178 980 1248 plura
997 1175 1169 1240 correxisset,
1192 1174 1245 1228 nisi
1261 1175 1326 1244 post
1343 1172 1399 1227 edi-

233 1264 339 1318 tionem
356 1263 422 1318 anni
440 1268 505 1319 1804
523 1265 552 1318 et
571 1269 634 1318 1807
654 1263 707 1318 hcc
731 1266 822 1318 totum
838 1262 982 1332 negotium
998 1278 1060 1316 raro
1078 1259 1234 1315 resumsisse
1251 1258 1399 1312 videretur.

234 1347 412 1417 Redigendus
433 1347 464 1402 in
484 1347 646 1405 memoriam
668 1365 724 1402 non
745 1348 805 1401 tam
827 1363 902 1401 error
919 1345 1080 1401 commissus
1097 1364 1116 1400 α
1135 1349 1182 1400 130
1200 1360 1285 1412 quam
1302 1341 1400 1395 erroris

154 1479 159 1488 .
234 1433 269 1486 ab
287 1433 347 1502 ipsc
364 1432 491 1503 profecta
509 1431 667 1486 emendatio
684 1432 714 1484 in
731 1430 811 1484 Anci.
828 1430 882 1484 litt.
899 1433 919 1485 t.
937 1430 972 1484 11.

301 1515 354 1568 Hic
371 1515 457 1570 etiam
474 1533 530 1570 uno
548 1533 622 1569 nunc
641 1514 767 1584 exemplo
786 1514 930 1583 defungar.
960 1515 988 1568 Γ
997 1518 1046 1568 399
1063 1511 1200 1566 notissimi
1217 1527 1311 1565 versus
1327 1510 1399 1573 sunt,

235 1598 335 1667 quibu·
346 1599 453 1654 Helena
462 1599 592 1654 aVenere
603 1599 640 1653 ad
651 1599 747 1654 mariti
759 1615 865 1654 amores
874 1597 1033 1665 lectumque
1044 1599 1144 1651 vocata
1153 1595 1227 1650 Deae
1238 1593 1400 1662 respondet:

444 1685 587 1753 δαιμονίη,
604 1687 632 1738 τί
649 1702 686 1751 με
703 1690 794 1740 ταῦτα
811 1685 936 1739 λιλαίεαι
953 1674 1148 1752 ἠπεροπεύειν
1153 1701 1163 1744 ,-

445 1757 521 1837 {inp
535 1785 574 1836 με
590 1766 727 1839 προτέρω
743 1768 856 1823 πολέων
874 1759 1089 1834 εὖναιομενάων

443 1843 523 1915 ἄξεις
539 1844 557 1920 ἢ
574 1853 701 1923 develat
719 1843 736 1920 i
753 1847 885 1920 Μαννέος
902 1846 1059 1919 ἐρατεινῆς,

443 1939 472 1989 εἴ
486 1937 531 1998 εἰς
547 1953 594 1991 τοι
611 1937 661 1990 καὶ
678 1938 758 1990 κεῖθι
776 1937 861 2004 φίλος
877 1927 1019 2006 μερόπων
1036 1924 1218 2001 ἀνθρώπινα

442 2008 549 2074 οὕνεκα
567 2022 601 2089 δὴ
619 2023 670 2074 νῦν
687 2022 751 2074 δῖον
767 2013 953 2090 Ἀλέξανδρον
969 2015 1123 2079 Μενέλαος

443 2107 564 2173 νικήσας
579 2099 678 2159 έθέλει
695 2106 837 2173 στυγερὴν
855 2101 907 2170 aa
926 2091 1020 2158 oi'xud'
1035 2094 1171 2169 ἄγεσθαι,

442 2180 568 2243 τοῦνεκα
585 2190 620 2258 δὴ
637 2191 689 2244 νῦν
706 2189 793 2256 δεῦρο
812 2184 1053 2257 δολοφρονέουσα
1069 2182 1231 2252 παρέστης·

445 2260 498 2338 ἧσο
515 2264 583 2342 παρ’
600 2266 689 2326 αὐτὸν
707 2270 793 2328 ἰοῦσα
808 2303 849 2327 -.

234 2352 358 2406 Primum
380 2370 436 2407 non
457 2355 546 2424 probo
568 2355 648 2424 signa
668 2356 908 2426 interrogationis,
929 2355 1030 2425 quibus
1053 2352 1151 2408 deletis
1168 2350 1257 2405 multo
1274 2351 1400 2406 acerbior

235 2437 331 2492 evadit
346 2437 443 2493 ironia.
472 2438 533 2510 (Od.
552 2443 568 2506 ζ
590 2445 639 2495 278
657 2441 737 2495 scrib.
757 2432 841 2510 ἦ-ποιι
859 2457 909 2511 pro
932 2434 955 2510 ἦ
990 2433 1072 2512 Ἦ-ιλὴ
1094 2444 1213 2501 irrisioni
1234 2438 1399 2497 indicandae

170 2525 223 2594 (69)
235 2520 350 2606 inservit
368 2524 395 2576 Φ
412 2527 451 2577 55.
476 2525 502 2577 Ε
516 2528 565 2578 422
584 2527 612 2578 et
629 2526 659 2578 Η
674 2528 718 2590 26,
737 2525 785 2593 qui
801 2525 877 2580 locus
894 2525 962 2581 item
979 2528 1101 2597 pulcrior
1116 2530 1333 2600 interrogatione
1351 2528 1398 2582 de-

233 2606 298 2660 leta.
328 2605 416 2674 ήμὲν
436 2610 469 2676 δή
487 2609 514 2661 Γ
527 2612 591 2672 430,
610 2625 665 2676 quc
682 2608 744 2664 loco
761 2612 869 2664 veteres
891 2611 928 2664 ad
949 2612 1102 2667 irrisionem
1119 2632 1176 2669 non
1192 2614 1342 2670 attendisse
1360 2612 1398 2666 vi-

235 2691 355 2761 dentur.)
385 2690 439 2745 Sed
457 2708 513 2760 quc
532 2691 652 2746 maxime
668 2693 768 2758 tendo,
786 2693 839 2749 hcc
859 2697 907 2751 est.
940 2695 1080 2751 Wolfiana
1103 2698 1292 2770 interpunctio
1314 2698 1400 2751 habet

234 2774 289 2828 duo
308 2775 368 2829 cola
385 2792 436 2845 per
453 2769 698 2832 οὕνεκα-τοῦνεκα
715 2777 876 2845 coniuncta,
899 2780 975 2848 quod
990 2780 1168 2837 Homericum
1185 2801 1242 2838 esse
1259 2798 1339 2851 nego.
1374 2781 1399 2832 Is

233 2857 372 2927 particula
386 2854 492 2915 οὕνεκα
503 2860 607 2928 ubique
619 2860 658 2915 sic
676 2879 741 2914 usus
757 2865 807 2924 cat,
823 2865 856 2917 ut
874 2863 1069 2928 enuntiationi,
1086 2867 1164 2921 cuius
1180 2866 1317 2922 rationem
1334 2881 1399 2918 con-

234 2942 313 3007 tinet,
325 2945 517 3012 postponatur.
547 2943 624 2998 Unus
638 2962 714 2998 nunc
732 2948 774 3000 est
790 2944 873 3011 locus,
891 2947 940 3015 qni
957 2948 993 3002 ab
1011 2948 1064 3002 hac
1081 2953 1181 3020 poetae
1200 2950 1399 3006 consuetudine

234 3026 340 3082 recedit
351 3028 531 3096 eandemque,
545 3045 630 3096 quam
640 3027 687 3082 bic
698 3028 815 3085 Wolfina
826 3031 899 3096 tulit,
911 3031 1020 3101 periodi
1028 3034 1145 3088 formam
1158 3035 1279 3100 exhibet,
1297 3036 1327 3088 N
1337 3037 1399 3088 727:

433 3102 548 3182 Ἕκτορ,
566 3103 711 3182 ἀμήχανός
729 3113 793 3168 έσσι
811 3112 1024 3186 παραρρητοῖσι
1041 3117 1192 3176 πιθέσθαι.

442 3189 550 3250 οὕνεκά
569 3213 616 3251 τοι
633 3197 701 3266 περὶ
719 3198 796 3252 δῶκε
813 3192 885 3261 θεὸς
901 3201 1045 3271 πολεμήϊα
1062 3197 1143 3273 έργα,

440 3272 564 3334 τοῦνεκα
581 3281 632 3334 καλ
648 3280 739 3350 βουλῇ
754 3279 868 3345 ἐθέλεις
884 3280 1068 3353 περιέδμεναι
1085 3282 1194 3352 ἄλλων·

233 3363 288 3417 Sed
298 3379 335 3417 ne
347 3361 393 3417 hic
405 3362 519 3432 quidem
534 3363 610 3417 locus
627 3365 720 3433 potest
736 3362 777 3417 ita
795 3363 935 3434 distingui,
953 3385 989 3422 ne
1007 3364 1084 3423 null'a
1101 3372 1218 3439 cogente
1236 3368 1399 3424 necessitate

233 3447 269 3500 ab
286 3446 399 3501 Homeri
422 3465 474 3501 usu
496 3445 677 3501 discedamus.
716 3447 788 3516 Ergo
813 3448 901 3503 scribe
918 3449 1073 3521 πιθέσθαι,
1093 3484 1125 3493 -
1146 3448 1227 3525 ἔργα.
1243 3486 1277 3494 -
1293 3451 1399 3509 ἄλλων.

233 3529 273 3585 Cf.
291 3535 318 3584 A
336 3534 366 3584 21
391 3524 521 3586 πεύθετο
538 3525 595 3602 γὰρ
612 3525 767 3603 Κύπρονέε
788 3531 866 3601 μέγα
884 3536 982 3600 κλέος,
1005 3528 1102 3592 οὕνεκ’
1121 3534 1227 3606 Ἀχαιοὶ
1243 3539 1275 3602 ἐς
1295 3537 1401 3607 Τροίην

185 3623 217 3676 58
234 3617 354 3685 νήεσσιν
366 3607 602 3670 ἀναπλεύσεσθαι
616 3608 749 3683 ἔμελλον·
761 3608 923 3672 τοένεκάοὶ
931 3612 985 3674 τὸν
993 3621 1070 3676 δῶκε
1075 3616 1400 3691 χαριζόμενοςβοσιλρῒ.

233 3697 379 3752 Simiilima
391 3698 476 3753 etiam
487 3699 654 3755 constructio
666 3703 690 3754 A
703 3703 809 3755 94-96.
838 3699 939 3755 Nostro
956 3700 1017 3756 loco
1029 3707 1093 3774 post
1106 3697 1274 3776 ἀνθρώπων
1291 3720 1400 3758 comma

233 3781 347 3847 sufficit,
376 3785 440 3852 post
461 3779 587 3854 ἄγεσθαι
609 3782 689 3839 colon
710 3785 878 3853 ponendum.
912 3786 1042 3841 Ceterum
1063 3805 1115 3843 nec
1136 3789 1212 3857 apud
1233 3788 1400 3844 recentiores

234 3865 326 3935 epicos
337 3861 580 3923 advena-roduam
591 3885 636 3922 me
648 3868 772 3923 invenire
782 3868 904 3926 memini.
931 3870 1041 3925 Addam
1053 3872 1129 3940 qnod
1139 3873 1170 3926 in
1180 3873 1227 3926 via
1239 3876 1288 3927 est.
1314 3874 1339 3926 Z
1350 3877 1398 3926 333

233 3949 489 4020 interpungendum
505 3952 556 4006 sic:

436 4025 551 4107 Ἕκτορ,
565 4032 630 4092 έπελ
645 4055 681 4105 με
699 4026 763 4092 κατ’
781 4030 867 4094 αἶσαν
884 4034 1034 4102 ένεέκεσας
1050 4031 1112 4095 οὐδ’
1127 4035 1204 4111 ὑπὲρ
1221 4033 1319 4096 αἶσαν·

441 4114 569 4177 τοῦνεκά
585 4139 632 4177 τοι
651 4117 727 4191 έρέαι
745 4153 785 4176 -,

233 4201 294 4256 οοΙο
315 4219 372 4257 non
395 4208 532 4260 commate
556 4205 645 4276 posito
667 4208 730 4275 post
752 4198 851 4261 αἶσανι
878 4207 962 4261 utin
984 4207 1082 4261 eadem
1099 4205 1304 4262 constructione
1322 4210 1397 4261 recte

233 4287 338 4342 factum
355 4291 397 4344 est
414 4308 431 4343 v
449 4294 507 4345 229.
539 4290 579 4344 cf.
596 4293 623 4345 Γ
638 4294 678 4346 59.
696 4321 730 4332 —
747 4293 776 4346 εἰ
790 4321 824 4331 -
840 4285 966 4346 τοῦνεκα
988 4292 1030 4346 bis
1052 4292 1171 4346 occurrit
1187 4294 1213 4343 A
1230 4296 1288 4346 291.
1311 4294 1397 4346 Y182

233 4373 267 4446 (v.
285 4372 448 4443 Xenophan.
466 4374 568 4428 Athen.
585 4373 610 4427 X
628 4377 716 4448 41412).
745 4365 807 4430 itare
824 4406 858 4414 —
875 4368 1039 4444 τοῦνεκαψ
1060 4378 1115 4429 116.
