3008 4980
440 425 442 430 .
495 366 518 416 2.
542 360 583 417 De
601 361 797 418 constituenda
813 358 942 414 lectione.
1245 369 1305 433 351

134 532 172 593 ut
192 527 328 609 Wolfio,
353 528 479 593 homini
504 530 539 594 in
560 530 702 614 antiquis
723 529 815 594 libris
835 526 1068 605 versatissimo,
1097 528 1132 593 in
1151 530 1307 596 memoria

135 635 312 702 inhaesisse
333 636 501 702 videantur
522 637 634 705 invito.
677 636 755 703 Inde
776 636 898 702 factum
920 635 1043 720 opinor,
1065 639 1102 702 ut
1122 636 1203 721 istis,
1224 658 1306 721 quae

134 766 233 828 supra
258 749 411 829 posuerat
435 769 465 830 p.
492 744 663 826 ccxxxi,
695 767 809 830 parurn
842 747 1059 831 congruenter
1082 743 1162 810 haec
1189 765 1228 808 ex
1254 766 1307 810 ca·

133 850 221 917 lamo
240 852 302 916 sibi
322 853 466 919 excidere
480 875 595 937 passus
618 854 661 920 sit
681 877 712 938 p.
732 849 932 919 CCXXXVI:
954 851 1093 932 „Verum
1114 852 1177 916 ista
1200 852 1307 916 omnia

135 960 181 1025 sic
203 961 303 1044 accipi
325 961 444 1040 nolim,
466 961 558 1045 quasi
579 961 684 1026 bonos
707 964 739 1025 et
760 964 926 1026 accuratos
946 960 1168 1025 emendatores
1189 981 1308 1046 negem

134 1069 277 1152 antiquis
310 1073 342 1135 et
368 1069 534 1153 exquisitis
562 1068 724 1134 codicibus
754 1090 830 1134 usos
858 1057 928 1133 esse
950 1067 1054 1151 iisque
1081 1067 1305 1153 comparandis
1318 1074 1389 1146 (373)

135 1175 311 1261 genuinam
327 1176 464 1243 formam
485 1180 593 1243 textus
615 1175 819 1261 quaesivisse.
861 1176 908 1240 At
928 1177 1070 1262 genuina
1092 1174 1157 1240 illis
1178 1174 1241 1240 fuit
1262 1197 1308 1256 ea,

135 1304 218 1366 quae
232 1286 362 1367 poetam
375 1285 512 1350 maxime
528 1286 640 1352 decere
660 1285 838 1350 videbatur.
874 1281 913 1348 In
928 1305 992 1368 quo
1015 1305 1111 1349 nemo
1133 1305 1200 1348 non
1221 1282 1308 1348 videt

135 1390 244 1454 omnia
259 1391 397 1477 denique
412 1392 453 1457 ad
461 1393 750 1460 Alexandrinorum
764 1390 933 1477 ingenium
948 1394 981 1456 et
994 1390 1163 1458 arbitrium
1177 1390 1307 1455 redire.“
1368 1446 1373 1461 .

217 1497 330 1564 Libere
350 1481 527 1566 'dicendum
555 1505 605 1567 est
630 1501 665 1565 in
686 1523 720 1567 re
743 1499 939 1587 gravissima.
981 1499 1071 1566 Haec
1092 1519 1222 1563 sensum
1240 1521 1307 1564 non

134 1606 266 1673 habent.
308 1606 424 1692 Neque
455 1609 541 1674 enirn
566 1613 718 1694 poterant
749 1631 814 1675 una
842 1630 939 1692 opera
969 1607 1144 1692 genuinam
1170 1605 1308 1673 formam

135 1737 290 1798 quaerere
317 1716 539 1800 comparandis
570 1717 711 1801 antiquis
739 1720 772 1782 et
798 1715 967 1800 exquisitis
994 1714 1158 1780 codicibus
1184 1736 1308 1798 suoque

134 1822 227 1888 abuti
241 1823 383 1890 arbitrio.
418 1827 463 1891 At
476 1847 542 1891 non
557 1829 686 1909 poterat
697 1824 768 1891 fieri
789 1828 827 1890 ut
845 1823 934 1889 falsis
956 1822 1120 1908 profectus
1142 1821 1182 1887 ab
1203 1821 1306 1886 initiis
1324 1829 1372 1882 357

134 1953 202 1996 non
216 1931 282 1996 suis
297 1953 367 1997 sese
381 1933 521 1998 irretiret
534 1933 668 2018 laqueis.
699 1926 803 2012 Quam
819 1932 951 1998 omnino
973 1930 1089 1996 falsam
1110 1931 1148 1996 de
1170 1930 1307 1995 istorum

135 2041 418 2126 grammaticorum
438 2063 537 2125 opera
558 2041 742 2125 conceperit
758 2040 934 2118 notionem,
958 2038 1131 2104 declaravit
1151 2037 1321 2111 hocloco.

133 2170 166 2231 p.
182 2147 381 2214 CCXXXIII:
401 2147 545 2233 „Quippe
560 2149 618 2215 illo
634 2148 830 2216 Graecorum
845 2170 923 2214 aevo
937 2146 1203 2230 (Alexandrinum
1218 2145 1307 2228 dicit)

135 2255 283 2338 quamvis
312 2257 347 2321 in
378 2256 524 2322 minutiis
557 2257 759 2344 grammatici
791 2256 920 2342 generis
958 2254 1205 2340 occupatissimo
1241 2275 1308 2320 non

134 2363 243 2448 potuit
257 2384 324 2429 non
339 2363 412 2430 vilis
428 2368 461 2430 et
483 2365 601 2430 eruditi
621 2365 762 2432 hominis
784 2364 931 2430 acumine
952 2385 1066 2448 parum
1088 2362 1187 2448 digna
1208 2361 1308 2427 videri

134 2469 216 2536 haec
241 2493 316 2537 cura
343 2471 444 2537 libros
468 2473 636 2540 'dividendi
661 2474 697 2539 in
723 2477 846 2559 partes,
876 2471 1097 2558 praeponendi
1127 2469 1308 2550 summaria,

135 2579 261 2645 codices
282 2580 368 2645 inter
389 2603 423 2645 se
444 2582 660 2666 comparandi,
682 2581 888 2647 librariorum
907 2580 1025 2645 menda
1046 2577 1191 2657 tollendi,
1213 2599 1308 2642 voca-

135 2685 213 2752 bula
237 2685 339 2772 signis
367 2687 610 2754 distinctionum
635 2692 668 2755 et
694 2693 885 2756 accentuum
905 2687 1040 2754 notandi
1063 2689 1096 2751 et
1116 2685 1145 2750 si
1167 2706 1231 2768 qua
1247 2684 1310 2749 alia

135 2797 220 2874 sunt,
242 2817 324 2879 quae
338 2797 456 2880 partim
476 2797 683 2883 assignantur
704 2796 961 2884 grammatistis.“
995 2793 1058 2858 Hic
1079 2792 1218 2878 primum
1238 2792 1308 2856 iure

136 2905 309 2986 quaeretur
334 2925 390 2969 cur
416 2905 444 2969 si
464 2904 545 2970 haec
565 2904 642 2971 vilia
661 2904 853 2972 videbantur
873 2905 936 2970 ista
957 2905 1062 2968 aetate
1084 2903 1177 2965 tanto
1200 2899 1308 2964 studio

135 3011 336 3078 colerentur.
378 3011 471 3078 Certe
498 3012 608 3078 Cicero
634 3012 753 3094 honos,
782 3013 902 3097 inquit,
935 3010 994 3077 alit
1020 3012 1106 3074 artes
1133 3028 1309 3090 omnesque

135 3119 353 3185 incenduntur
379 3121 419 3185 ad
443 3121 550 3186 studia
571 3121 689 3207 gloria,
710 3122 880 3205 iacentque
903 3142 941 3185 ea
962 3139 1095 3202 semper,
1118 3137 1201 3199 quae
1224 3114 1309 3198 apud

137 3248 284 3311 quosque
298 3228 530 3313 improbantur.
562 3228 647 3294 Dein
662 3229 759 3307 iniis,
780 3251 863 3313 quae
877 3225 1083 3312 principibus
1092 3220 1309 3310 grammaticis

137 3334 215 3399 dicit
228 3335 362 3421 indigna
379 3336 498 3419 habita,
519 3336 645 3402 nullum
666 3359 768 3402 unum
789 3340 848 3417 est,
870 3335 956 3419 quod
978 3354 1044 3399 non
1058 3330 1309 3416 Aristophanem

135 3441 188 3507 vel
209 3442 432 3509 Aristarchum
457 3445 572 3510 fecisse
593 3448 732 3510 constet:
762 3445 801 3509 de
824 3443 1063 3528 comparatione
1086 3439 1247 3518 codicum,
1270 3438 1309 3502 de

136 3549 340 3617 librariorum
369 3552 495 3617 mendis
528 3552 675 3632 sublatis,
710 3553 748 3618 de
778 3550 1038 3636 interpunctione
1065 3552 1098 3615 et
1124 3547 1310 3613 accentibus

136 3658 201 3722 iam
220 3679 260 3724 ne
281 3660 416 3725 verbum
438 3661 567 3745 quidem
588 3661 715 3727 addam:
740 3682 852 3726 verum
872 3660 959 3745 quod
980 3657 1097 3724 attinet
1117 3656 1158 3722 ad
1180 3676 1310 3740 operam

136 3765 237 3830 libros
251 3767 285 3830 in
304 3771 412 3851 partes
432 3768 601 3848 dividendi,
623 3768 829 3835 Aristarchus
850 3767 934 3832 hanc
948 3765 1192 3832 Homericarum
1212 3762 1310 3847 rhap-

138 3874 301 3939 sodiarum
329 3875 443 3941 faciem
468 3876 632 3943 induxisse
653 3877 755 3943 fertur
777 3879 810 3941 et
831 3875 920 3960 quod
939 3874 1016 3940 huic
1038 3872 1239 3939 simillimum
1261 3873 1312 3936 est

138 3982 374 4067 Apollodorum
409 3983 577 4066 collegisse
606 3984 792 4070 Epicharmi
825 3982 1024 4062 comoedias,
1059 3979 1311 4065 Aristophanem

139 4091 341 4174 quorundam
362 4091 533 4176 lyricorum
555 4093 696 4158 carmina
723 4091 858 4176 exlege
886 4091 1024 4175 quadarn
1052 4088 1215 4154 ordinasse
1245 4089 1310 4151 tra-

140 4197 244 4262 ditum
266 4197 474 4284 eiusdemque
495 4199 643 4266 feruntur
663 4200 846 4265 fabularum
867 4201 1068 4284 argumenta.
1090 4195 1197 4281 -At
1218 4192 1310 4258 athe-

139 4308 224 4371 teses
250 4303 407 4372 Wolfium
435 4308 518 4374 male
549 4308 732 4374 habuerunt
766 4311 799 4373 et
827 4305 1012 4372 Zenodotea
1037 4303 1209 4371 temeritas.
1260 4299 1309 4364 De

139 4412 339 4482 athetasibus
367 4417 539 4499 separatim
571 4416 643 4482 dixi.
685 4415 735 4481 De
762 4413 929 4480 Zenodoto
957 4414 1002 4479 sic
1029 4413 1144 4479 iudico.
1189 4407 1309 4487 Quam·
1321 4413 1393 4483 (³74)
