3008 4980
280 346 304 396 5.
327 339 368 394 De
385 337 520 409 perversis
538 335 757 407 chorographiae
774 336 855 391 Hom.
872 333 1158 406 interpretationibus,
1242 339 1302 402 235

135 500 223 571 ίίλλα
244 499 390 586 ἀλλαχοῦ
410 500 678 594 μνημονευόμενα
699 497 890 590 ἠθροίζετο,
911 496 1049 590 ἢαότὸν
1067 499 1303 584 Πεισίστρατον

134 607 158 702 ἢ
178 617 243 678 τῶν
264 636 338 678 τινα
360 609 497 698 ἑταίρων
518 616 747 700 μεταποιῆσαι
767 611 805 678 τὸ
828 604 934 693 ’όνομα
949 607 1016 677 ὑπὸ
1032 604 1177 695 ἀγνοίας.
1210 609 1305 689 Quod

134 723 240 807 ipsum
262 723 388 787 videtur
408 720 448 785 ab
470 721 564 786 istIus
585 720 695 806 anguli
717 723 918 808 mystagogia
941 720 1109 805 accepisse.

217 830 371 895 Ridemus
391 828 471 893 haec
493 832 526 893 et
547 829 704 912 quidquid
723 829 897 894 multitudo
918 829 1032 893 harum
1053 848 1213 912 nugarum
1233 848 1304 890 mo·

134 939 192 1004 lita
213 942 263 1004 est
284 937 545 1004 condonabimus.
582 935 646 1001 Sed
666 937 751 1002 inter
773 937 885 1002 doctos
907 935 1120 1022 geographos,
1143 955 1225 1017 quae
1246 955 1304 997 na·

135 1047 181 1112 tio
204 1046 289 1132 apud
304 1045 441 1112 Graecos
463 1044 687 1128 antiquissima
708 1047 764 1123 est,
786 1045 852 1109 fere
874 1044 983 1109 nullus
1005 1046 1073 1107 erat
1095 1041 1173 1125 quin
1190 1039 1305 1106 iisdem

136 1155 297 1219 erroribus
319 1175 353 1218 se
374 1153 522 1233 irretiret,
544 1153 609 1216 sive
630 1152 771 1236 partium
794 1153 902 1217 studio
925 1152 1132 1228 ducebantur,
1154 1147 1304 1213 sivoflo-

135 1284 259 1327 merum
282 1260 384 1326 omnis
406 1260 527 1325 scilicet
549 1260 712 1326 doctrinae
734 1260 912 1345 principem
933 1257 1022 1323 nulla
1040 1257 1124 1322 inre
1139 1255 1305 1322 averitate

135 1368 282 1433 aberrare
310 1368 476 1447 volebant,
497 1367 677 1449 (veritatem
703 1370 810 1432 autem
836 1390 876 1432 ex
901 1366 951 1431 sni
972 1365 1127 1448 temporis
1148 1366 1235 1428 statu
1254 1362 1306 1428 vel

136 1499 176 1542 ex
195 1476 313 1541 fabulis
334 1475 501 1541 tralaticiis
523 1475 761 1559 metiebantur).
797 1473 876 1539 Inde
897 1473 960 1558 ipsi
984 1476 1017 1538 et
1037 1493 1185 1558 perverse
1205 1470 1305 1536 inter·

135 1584 255 1669 pretari
276 1583 454 1648 Homerum
481 1586 514 1648 et
540 1582 841 1667 interpretationem
863 1582 1067 1666 desperantes
1088 1583 1213 1644 textum
1234 1601 1306 1643 mu-

135 1695 204 1756 tare
227 1691 267 1755 ad
288 1686 463 1756 arbitrium.
506 1689 686 1755 Producam
707 1689 864 1774 quosdam
884 1689 980 1754 huius
1003 1687 1116 1772 eulpae
1132 1686 1306 1754 convictos.

134 1798 185 1863 De
206 1796 409 1877 Hellanieo
439 1797 543 1865 Strab.
570 1795 646 1861 XIII
671 1820 703 1881 p.
733 1803 794 1864 602
812 1790 1006 1872 Ἑλλάνικος
1033 1791 1069 1860 δὲ
1093 1789 1308 1879 χαριζόμενος

134 1906 205 1983 τοῖς
223 1897 383 1982 Ἰλιεῦσιν,
409 1892 480 1980 οἷος
502 1897 628 1968 ἐκείνου
649 1898 771 1987 θυμός,
795 1904 966 1990 σννηγορεῖ
979 1901 1017 1968 τὸ
1032 1900 1090 1989 την
1106 1895 1208 1988 αὐτὴν
1223 1892 1308 1967 εἶναι

135 2007 240 2078 πόλιν
260 2010 320 2097 τὴν
340 2016 396 2076 νῦν
416 2014 454 2101 τῇ
470 2005 554 2077 τότε.
586 2013 771 2079 Eudoxus
789 2012 823 2077 in
837 2033 932 2077 versu
946 2011 1066 2077 Iliados
1080 2014 1110 2075 Β
1125 2016 1185 2080 850
1197 2003 1308 2089 Ἀξιοῦ

137 2109 177 2185 οὗ
192 2117 368 2185 κάλλιπον
382 2114 471 2201 {ideoq
487 2114 702 2184 ἐπικίδναται
716 2109 793 2183 αἶαν
807 2119 916 2206 legere
933 2119 1091 2184 maluerat
1100 2107 1173 2182 Αἶα
1189 2117 1307 2199 (Strab.

136 2226 199 2294 VH
220 2232 290 2296 330.
312 2227 378 2295 sch.
401 2225 420 2290 λ
442 2233 512 2296 239.
534 2228 572 2294 cf.
597 2226 707 2312 Steph.
729 2227 767 2292 B.
790 2249 815 2291 s.
837 2228 888 2309 a).
931 2225 1112 2310 Ephorus
1134 2225 1203 2310 (qui
1222 2225 1308 2291 Gim-

136 2337 254 2402 merios
282 2357 355 2401 oum
381 2335 498 2400 accolis
523 2335 564 2400 ad
592 2334 698 2399 lacum
724 2335 889 2400 Avernum
914 2333 1068 2419 ponebat,
1095 2332 1158 2399 Str.
1179 2332 1210 2399 V
1235 2337 1308 2418 244)

136 2466 195 2529 pro
217 2443 405 2510 Alizonibus
426 2446 456 2504 B
479 2448 538 2510 856
561 2443 741 2507 Amazones
762 2442 898 2520 induxit,
918 2439 981 2506 hoc
1001 2440 1121 2506 sufficet
1141 2441 1252 2506 modo:

241 2544 345 2634 αὐτὰρ
363 2543 563 2631 Ἆμαζώνων
582 2542 701 2626 Ὀδίος
721 2545 779 2614 καί
796 2541 1018 2633 Ἐπίστροφος
1039 2537 1149 2634 ἦρχον,

137 2665 266 2726 strenue
288 2659 383 2724 simul
403 2680 530 2725 versum
552 2658 803 2742 subsequentem
824 2655 1054 2721 transformans
1077 2677 1115 2722 ex
1320 2668 1391 2739 (245)

239 2764 381 2853 τηλόθεν
403 2762 441 2846 ἐξ
454 2757 599 2851 Ἀλύβης
620 2760 704 2830 ὅθεν
725 2757 867 2849 ἀργύρου
890 2759 959 2828 ἐστὶ
979 2760 1121 2852 γενέθλη

137 2901 172 2942 1n

241 2975 372 3048 ἐλθόντ’
396 2979 433 3062 ἐξ
441 2974 589 3068 Ἀλόπης
609 2975 648 3045 ἵν’
672 2974 745 3067 <όθ’
762 2980 853 3065 libri>
872 2973 1101 3061 Ἀμαζονίδων
1120 2975 1213 3062 γένος
1233 2973 1310 3044 ἐστί.

139 3092 243 3171 Quam
264 3114 384 3157 meram
409 3091 626 3156 coniecturam
654 3112 723 3155 esse
750 3089 778 3153 si
804 3088 876 3173 quis
904 3087 987 3152 forte
1014 3088 1141 3153 dubitat
1160 3090 1250 3172 patet
1272 3110 1311 3152 ex

139 3207 280 3278 auctore,
307 3200 363 3284 qui
384 3199 500 3266 Strabo
523 3200 572 3264 est
592 3195 653 3263 XII
673 3220 705 3281 p.
721 3203 791 3264 550.
829 3193 867 3260 In
890 3196 1000 3261 eadem
1021 3195 1113 3280 cutpa
1134 3195 1308 3261 Alexandri
1326 3206 1375 3259 239

140 3311 215 3373 sunt
241 3307 373 3372 comites
400 3311 433 3372 et
456 3329 513 3371 rex
533 3306 602 3390 ipse
624 3306 664 3370 ad
685 3305 915 3390 praecidendos
937 3304 1039 3368 nodos
1062 3326 1159 3389 quarn
1183 3304 1224 3368 ad
1246 3303 1310 3369 dis-

140 3414 310 3481 solvendos
339 3414 489 3499 paratior.
540 3412 603 3491 Qui
625 3436 697 3479 cum
725 3413 765 3478 ad
785 3412 857 3478 illas
887 3410 1003 3477 Troiae
1032 3411 1194 3496 Asiaeque
1228 3433 1308 3488 oras,
1392 3483 1395 3487 ¹

139 3523 224 3588 unde
239 3520 387 3587 Troianis
410 3511 515 3587 socios
536 3521 660 3587 venisse
681 3523 779 3606 poeta
801 3520 854 3597 ait,
877 3521 1086 3585 accessissent
1101 3541 1218 3604 easque
1236 3541 1309 3604 per·

139 3633 354 3709 conterentur,
374 3629 451 3695 hinc
472 3628 613 3713 aliquem
634 3629 775 3694 fructum
788 3629 940 3707 Homero,
963 3628 1019 3713 qui
1039 3627 1110 3714 regi
1131 3628 1165 3692 in
1187 3628 1309 3695 deliciis

139 3742 216 3818 erat,
238 3738 389 3803 exsistere
412 3737 527 3803 debere
548 3739 714 3823 putabunt.
757 3736 919 3821 Equidem
941 3719 1196 3821 quotiescunque
1218 3736 1310 3801 illum

140 3846 308 3913 Strabonis
329 3845 438 3912 locum
460 3846 580 3926 evolvo,
603 3867 669 3930 quo
693 3846 731 3910 de
753 3844 894 3910 editione
917 3839 953 3908 ἐκ
974 3845 1033 3909 τοῦ
1053 3837 1223 3931 νάρθηκος
1243 3848 1310 3910 rat·

138 3953 223 4035 tulit,
244 3976 311 4019 non
333 3953 483 4020 contineo
505 3975 557 4018 me
576 3953 655 4039 quin
669 3952 746 4018 talia
761 3952 919 4037 quaedam
932 3956 1044 4038 putem
1058 3952 1092 4019 iu
1106 3952 1189 4020 illud
1203 3975 1310 4020 exem-

138 4062 209 4148 plar
234 4062 367 4127 inducta
393 4084 471 4128 esse.
519 4056 662 4145 Φέρεται
685 4063 765 4144 γοῦν
791 4084 842 4138 τις
870 4052 1055 4143 διόρθωσις
1079 4063 1139 4147 τῆς
1160 4054 1309 4146 Ὁμήρου

139 4162 308 4255 ποιήσεως
336 4162 357 4254 ἡ
386 4164 423 4233 ἐκ
449 4170 508 4233 τοῦ
529 4162 698 4253 νάρθηκος
720 4164 889 4255 λεγομένη,
911 4172 969 4233 τοῦ
986 4161 1206 4252 Ἀλεξάνδρου
1227 4165 1311 4249 μετὰ

138 4279 203 4341 τῶν
229 4274 307 4364 περὶ
328 4272 546 4363 Καλλισθένη
568 4273 625 4341 καί
643 4269 844 4362 Ἀνάξαρχον
868 4270 1074 4355 ἐπελθόντος
1093 4273 1151 4342 καί
1169 4295 1311 4363 σημειω-

139 4381 282 4468 σαμίνσν
303 4382 387 4464 τινά,
414 4380 530 4453 ἔπειτα
552 4381 759 4464 καταθέντας
780 4378 827 4464 είς
848 4378 1012 4474 νάρθηκα,
1038 4374 1075 4450 ὃν
1095 4372 1192 4474 ηὗρεν
1214 4379 1249 4448 ἑν
1269 4385 1310 4478 τῇ
