3008 4980
487 347 509 400 1.
539 343 580 398 De
598 348 669 406 aere,
687 343 807 428 aethere,
826 340 951 412 Olympo.
1247 349 1305 412 163

669 598 710 673 O.
738 600 767 674 I.

178 762 228 826 De
249 771 329 846 a‘e're,
350 761 481 846 aethere,
507 762 647 849 Olympo,
669 777 698 828 et
720 763 874 850 quaedam
895 763 963 826 alra
984 761 1023 826 de
1042 762 1126 847 faa'e
1146 760 1265 825 mandri

223 930 241 1012 ἕ
266 937 292 995 1.
336 927 424 1005 Quae
453 929 504 994 his
531 929 730 1014 temporibus
756 930 838 995 coeli
858 933 1025 1012 terraeque
1046 925 1238 992 Homericae
1258 928 1306 991 in-

139 1036 351 1120 vestigatores
385 1038 647 1116 observaverunt‚
680 1060 719 1102 ea
750 1037 888 1103 attendit
913 1033 1118 1102 Aristarchus
1145 1039 1178 1100 et
1207 1035 1308 1100 multa

140 1145 252 1209 eadem
272 1144 366 1229 plane
387 1146 511 1210 ratione
534 1145 745 1230 expediverat.
785 1144 928 1210 Primum
951 1144 990 1208 de
1008 1142 1198 1224 discrimine,
1220 1143 1307 1228 quod

140 1255 189 1316 est
202 1252 287 1317 inter
308 1243 457 1337 ούρανός,
471 1245 663 1338 Ὄλυμπος,
686 1245 801 1339 αἰθήρ,
824 1243 900 1338 citio,
925 1252 1036 1317 eadem
1051 1245 1196 1317 docuisse
1217 1251 1307 1316 inve-

139 1360 227 1424 nitur
248 1382 320 1425 cum
339 1360 466 1428 Vossio.
480 1353 575 1452 -Ἆήρ
596 1365 700 1427 terrae
721 1360 886 1446 proximus
907 1381 1010 1443 usque
1031 1361 1071 1425 ad
1092 1361 1203 1440 nubes,
1225 1382 1307 1444 quae

139 1467 224 1532 ultra
244 1467 302 1533 has
321 1471 411 1554 regio
433 1474 483 1535 est
504 1462 610 1556 αἰθήρ
632 1473 665 1537 et
686 1461 832 1554 οὐρανός.
872 1459 1020 1550 Οὐρανός
1034 1467 1119 1532 enim
1138 1466 1308 1552 dupliciter

140 1576 301 1661 significat
326 1580 359 1641 et
385 1577 524 1643 solidum
545 1579 628 1644 coeli
648 1579 886 1643 firmamentum
907 1573 957 1659 (τὸ
980 1571 1181 1661 στερέμνιον)
1204 1579 1237 1640 et
1257 1579 1306 1640 to·

138 1687 205 1748 tam
226 1685 322 1749 istam
344 1685 540 1770 superiorem
559 1686 726 1772 regionem
746 1687 767 1750 i.
791 1710 821 1771 q.
840 1677 955 1770 αἰθήρ.
993 1683 1078 1750 Hinc
1094 1672 1211 1768 quibus
1233 1705 1307 1748 coe·

138 1791 206 1856 lum
233 1792 324 1876 quasi
347 1792 458 1858 finitur
485 1797 518 1859 et
543 1794 701 1860 clauditur
728 1795 830 1860 nubes
857 1792 939 1858 coeli
964 1796 1076 1877 portae
1097 1792 1246 1857 dicuntur
1267 1792 1309 1875 (Ε

139 1902 222 1984 749).
261 1899 325 1966 Sed
346 1901 387 1964 ob
409 1923 463 1983 eo,
497 1901 553 1985 qui
570 1906 685 1987 poetae
707 1902 823 1967 dicitur
845 1893 987 1986 οὐρανός
994 1945 1004 1978 ,
1028 1900 1171 1966 diversus
1194 1899 1305 1984 Olym-

137 2028 213 2090 pus,
244 2008 300 2091 qui
320 2030 380 2073 nec
404 2008 509 2092 ipsum
531 2009 658 2075 coelum
679 2012 807 2075 estnec
828 2011 877 2090 (ut
897 2011 968 2074 tum
990 2007 1120 2092 qnidam
1141 2009 1308 2094 putarunt)

138 2115 269 2198 quidam
295 2115 377 2187 coeli
402 2116 505 2195 locus,
533 2119 589 2183 sed
614 2139 708 2183 mons
728 2116 949 2183 Macedoniae:
980 2138 1040 2181 neo
1064 2137 1207 2200 unquam
1228 2115 1308 2180 haec

138 2226 384 2291 commutantur.
429 2224 602 2290 Cacumina
626 2247 701 2290 vero
725 2224 853 2310 Olympi
880 2224 1066 2311 cogitantur
1092 2223 1194 2289 nubes
1215 2246 1308 2289 exce·

138 2330 226 2396 dere:
259 2331 334 2395 inde
361 2334 410 2396 est
437 2333 525 2416 quod
547 2333 703 2419 Olympus
725 2333 787 2399 dici
808 2333 914 2417 possit
933 2333 968 2396 in
990 2331 1080 2398 coelo
1102 2353 1181 2400 esse.
1223 2331 1307 2397 Ecce

136 2437 331 2502 testimonia.
373 2432 486 2508 5288
508 2433 555 2517 εἰς
581 2435 700 2526 έλύτην
727 2433 855 2523 ἀναβὰς
880 2439 1045 2523 (Somnus)
1072 2430 1305 2525 περιμήκετον,

136 2534 248 2629 ἣτότ’
273 2536 392 2632 ένἼὸη
413 2542 603 2634 μακροτάτη
624 2548 773 2636 πεφυυῖα
796 2539 838 2613 δι’
861 2539 962 2635 ἠέρος
983 2539 1093 2631 αἰθέρ’
1122 2544 1248 2611 ἵκανενε
1274 2541 1307 2634 (ἡ

137 2650 255 2738 διπλῆ)
277 2647 330 2718 ὁτι
351 2646 431 2718 καθ’
447 2650 595 2741 Ὅμηρον
617 2648 723 2743 ἆηρὸ
751 2647 822 2721 ἀπὸ
850 2655 911 2740 γῆς
934 2649 1031 2741 μέχρι
1054 2656 1165 2740 νεφῶν
1188 2646 1307 2731 τόπος·

136 2752 155 2824 ὁ
179 2755 216 2824 δέ
236 2753 319 2845 ύπέρ
340 2758 381 2825 τὰ
405 2758 488 2850 νέφη
508 2756 615 2842 τόπος
639 2756 746 2849 αἰθὴρ
767 2759 825 2827 καὶ
849 2757 1032 2846 ὁμωνύμως
1058 2767 1105 2848 τῷ
1130 2755 1307 2848 στερεμνίῳ

136 2858 286 2952 ούρανός.
331 2865 390 2944 Ιὁιὸ
419 2867 460 2934 τὰ
492 2868 576 2958 νέφη
602 2867 691 2956 λέγει
720 2863 830 2947 πύλας
860 2863 1010 2955 ούρανοῦ.
1056 2874 1086 2934 Β
1114 2876 1175 2939 458
1210 2862 1308 2955 αἴγλη

135 2970 374 3064 παμφανόωσα
393 2971 435 3043 δι’
457 2971 598 3061 αἰθέρος
614 2975 756 3066 ούρανὸν
770 2967 856 3045 ἷκενε
879 2973 931 3046 ὅτι
951 2970 1035 3043 καθ’
1044 2973 1194 3064 Ὅμηρον
1214 2979 1309 3062 πρῶ-

134 3107 192 3161 τος
213 3077 281 3151 ἀπὸ
304 3088 364 3172 γῆς
386 3081 473 3150 έστιν
494 3080 512 3153 ὁ
536 3079 615 3175 ἆη’ρ,
647 3077 717 3152 εἶτα
737 3085 821 3171 μετὰ
847 3085 889 3152 τὰ
920 3083 1002 3175 νέφη
1032 3080 1156 3172 αἰθήρ,
1187 3075 1224 3151 tr
1252 3083 1309 3150 rai

135 3186 318 3274 ὁμωνύμως
337 3199 383 3280 τῷ
403 3190 578 3282 στερεμνίῳ
607 3188 747 3281 οὐρανὸν
768 3193 873 3260 καλεῖ.
902 3231 944 3244 —-
972 3197 1002 3258 E
1030 3201 1089 3262 749
1121 3186 1308 3276 αὐτόμαται

136 3294 300 3364 diruitur
320 3296 427 3382 μύκον
448 3296 599 3387 ούρανοῦ,
624 3293 664 3380 tte
683 3297 758 3384 stov
775 3291 883 3388 Ὧραι,
907 3304 966 3391 τῇς
987 3297 1226 3386 ἐπιτέτραπται
1246 3296 1309 3384 μέ-

135 3427 195 3491 γας
216 3401 354 3493 ούρανὸς
380 3402 560 3492 Ούλυμπός
579 3433 629 3489 τε,
651 3403 735 3498 η’μέν
757 3403 933 3476 ἀνακλῖναι
953 3408 1093 3477 πυκινὸν
1119 3405 1223 3498 νέφος
1248 3402 1306 3497 ηδ’

137 3513 326 3583 έπιθεῖναιτ
347 3511 380 3604 (ἡ
404 3516 522 3605 ὁιπλη)
543 3514 593 3584 ὅτι
617 3513 725 3584 πύλαι
746 3511 886 3605 ούρανοῦ
906 3517 948 3584 τὰ
969 3514 1066 3608 νέφη·
1101 3512 1119 3583 ὁ
1140 3515 1203 3603 γὰρ
1224 3511 1307 3602 ὁπέρ

136 3627 240 3689 ταῦτα
259 3621 363 3702 τόπος
384 3621 564 3709 ὁμωνύμως
583 3629 630 3713 τῷ
651 3623 828 3714 στερεμνίῳ
851 3620 991 3711 ούρανὸς
1005 3625 1166 3694 καλεῖται.
1203 3627 1306 3694 Θ393

136 3732 170 3796 in
190 3733 304 3798 iisdem
324 3735 469 3800 versibus
491 3736 602 3801 eadem
625 3736 821 3803 observatio:
847 3729 880 3821 (ἡ
905 3732 1023 3821 διπλῆ)
1046 3729 1099 3799 ὅτι
1119 3728 1229 3811 πύλας
1250 3727 1308 3799 ού-

137 3844 239 3921 ρανοῦ
259 3839 300 3904 τὰ
320 3837 402 3929 νέφη
421 3836 637 3907 ὑποτίθεται·
659 3840 716 3910 τὸν
734 3842 797 3929 μὰρ
819 3837 901 3927 ὁπέρ
922 3840 964 3905 τὰ
984 3839 1067 3931 νέφη
1089 3837 1196 3906 τόπον
1217 3834 1307 3924 ὁμω-

137 3941 246 4031 νύμως
258 3950 306 4036 τῳ
319 3943 497 4035 στερεμνίῳ
513 3942 653 4038 οὐρανὸν
669 3950 773 4018 καλεῖ.
809 3946 908 4034 πρὸς
928 3946 975 4016 τὰ
992 3946 1086 4034 περὶ
1097 3939 1307 4034 Ὀλύμπου.

137 4056 219 4124 Iuno
247 4062 421 4143 postquam
455 4081 527 4122 cum
560 4059 704 4126 Minerva
738 4081 832 4126 curru
867 4058 1022 4124 invehens
1057 4058 1183 4123 coelum
1209 4061 1306 4142 atque

139 4170 280 4231 extrema
302 4166 430 4252 Olympi
451 4166 592 4232 culmina
611 4168 646 4232 in
668 4166 794 4233 coelum
815 4169 963 4252 porrecta
980 4166 1169 4250 reliquerat,
1191 4165 1307 4230 dicitur

138 4271 247 4338 Iovem
280 4274 460 4360 repperisse
490 4274 653 4342 sedentem
688 4268 871 4362 ,ἀκροτάτη
901 4275 1033 4362 κορυφῇ
1062 4266 1307 4356 πολυδειράδος

1317 567 1388 636 (ιιι)

1324 647 1373 698 τοι

1318 3638 1389 3710 (ros)

1324 4183 1370 4233 165

143 4376 374 4463 Oritriyerroto‘fl
416 4380 488 4448 Hoc
515 4385 557 4466 (E
582 4386 668 4466 754),
698 4385 785 4468 quod
817 4384 857 4448 ab
885 4381 942 4447 illo
970 4382 1147 4468 discrepare
1172 4381 1306 4460 videtur,
1379 4423 1382 4430 -

1047 4484 1097 4536 11*
