3008 4980
517 334 540 386 2.
566 300 690 402 teiliavi
708 319 837 394 ουτάσαι,
854 328 914 384 sim.
1258 334 1298 397 63

135 499 255 564 tuatio:
289 498 377 582 quod
401 498 436 561 in
461 497 602 562 Homero
629 498 773 562 nondum
797 497 875 562 satis
903 497 1051 562 cavimus.
1096 499 1134 558 Π
1151 501 1212 562 358
1238 495 1298 559 hos

134 628 244 672 versus
265 605 418 690 legimus:

257 705 351 788 Αἰἀς
374 704 405 774 δ’
428 704 445 776 δ
475 706 578 794 μέγας
599 703 670 774 αἰέν
692 702 743 796 ἐφ’
759 710 891 793 Ἕκτορι
909 709 1155 799 χαλκοκορυστῇ

258 811 314 883 ἵετ’
339 811 545 883 ἀκοντίσσαι·
569 812 587 884 ὃ
611 815 647 882 δέ
668 811 773 905 ἰδρείῃ
793 813 971 900 πολέμοιο,

258 918 380 990 ἀσπίδι
398 919 531 1014 ταυρείῃ
553 920 799 1008 κεκαλυμμένος
819 918 935 1008 εὐρέας
955 918 1073 1004 ἀίμονς,

258 1026 404 1099 σκέπτετ’
428 1026 548 1099 ὀϊστῶν
567 1055 602 1097 τε
623 1031 733 1119 ῥοῖζον
755 1029 812 1096 καί
833 1030 961 1098 δοῦπον
982 1024 1137 1097 ἀκόντων.

137 1143 225 1220 Quos
246 1143 292 1206 ita
311 1142 408 1207 vertit
428 1141 578 1206 Vossius:

218 1249 294 1314 Aias
322 1250 377 1314 der
403 1255 548 1332 grossere
579 1247 698 1312 strebte
725 1248 786 1312 den
817 1247 1150 1312 eraumschimmerten
1175 1247 1301 1311 Hektor

222 1356 309 1422 Stets
330 1356 390 1420 mit
411 1356 484 1420 dem
505 1354 604 1440 Speer
626 1376 664 1418 zu
686 1355 850 1420 erreichen
872 1393 921 1416 —.

137 1464 231 1542 Quod
253 1464 432 1548 speciosum
451 1463 507 1527 sed
528 1461 644 1526 falsum
668 1465 725 1529 est.
760 1461 891 1527 Etenim
914 1453 1096 1540 ἀκοντίζειν
1114 1461 1234 1545 ubique
1257 1461 1300 1525 si-

136 1571 269 1657 gnificat
289 1570 374 1653 apud
395 1569 573 1634 Homerum
594 1573 746 1654 „Petere‘t
786 1569 875 1655 Ergo
902 1570 956 1634 hic
976 1569 1085 1654 potius
1104 1569 1169 1634 loci
1188 1590 1300 1633 sensus

137 1682 199 1743 est:
230 1677 360 1759 „immer
386 1699 452 1742 war
481 1677 549 1741 sein
571 1676 652 1744 Sinn
680 1676 795 1742 darauf
817 1676 975 1760 gerichtet
1006 1676 1089 1741 nach
1110 1676 1236 1741 Hektor
1262 1699 1301 1739 zu

137 1785 282 1852 werfen“.
317 1785 366 1849 De
386 1784 459 1849 loco
480 1785 640 1869 specioso,
663 1785 718 1869 qui
740 1787 789 1848 est
810 1787 847 1846 H
867 1789 928 1850 242
950 1785 978 1849 si
998 1785 1185 1849 intellexero
1209 1782 1301 1847 dubi-

137 1893 276 1957 tationes
295 1914 372 1971 esse,
392 1891 611 1977 inposterum
633 1891 798 1976 explicabo
820 1892 1006 1956 accuratius.

218 1999 319 2064 Locos
342 2021 404 2077 eos,
426 1998 482 2064 ubi
504 1999 702 2064 accusativus
723 1999 820 2064 verbo
836 2021 902 2063 non
923 1999 1057 2077 additus,
1078 1999 1214 2064 fortasse
1235 2020 1300 2062 non

138 2129 249 2172 omnes
270 2109 356 2170 recte
378 2106 500 2190 accepit
520 2105 733 2173 Aristarchus.
771 2109 802 2171 Γ
821 2111 860 2173 76
880 2105 916 2169 hi
937 2128 1046 2171 versus
1068 2110 1157 2171 sunt:

220 2203 265 2288 δίς
286 2205 405 2299 έφαδ·
419 2208 544 2295 Ἕκτωρ
568 2205 600 2276 δ’
624 2202 692 2276 αὖτ’
717 2206 815 2298 ἐχάρη
836 2207 922 2296 μέγα
942 2214 1055 2294 μῦθον
1077 2205 1232 2289 ἀκούσας,

219 2312 278 2384 καί
297 2313 327 2402 ῥ’
352 2314 386 2396 ές
403 2314 528 2401 μέσσον
549 2312 608 2384 iuis
633 2316 752 2403 Τρώων
774 2313 906 2404 ἀνέεργε
928 2313 1112 2405 φάλαγγας,

216 2423 338 2510 μέσσου
362 2423 481 2508 δουρὸς
503 2419 599 2490 ἑλών·
619 2424 673 2491 τοί
695 2419 726 2490 δ’
751 2421 955 2512 ἱδρύνθησαν
976 2422 1128 2506 άπαντες.

214 2536 261 2618 τῷ
283 2526 314 2598 δ’
339 2530 572 2612 έπετοξ’ζοντο
594 2527 864 2620 καρηκομόωντες
881 2526 1013 2614 Ἀχαιοί

219 2634 318 2707 ἰοῖσίν
337 2663 373 2704 τε
393 2635 622 2724 τιτυσκόμενοι
643 2634 761 2707 λάεσσί
779 2635 806 2706 τ’
829 2635 980 2724 ἔβαλλον.

136 2750 199 2816 Hic
223 2749 436 2815 Aristonicus:
473 2743 504 2837 (ἡ
533 2747 652 2835 διπλῆ)
680 2743 734 2815 ὅτι
751 2745 899 2835 Ὅμηρος
927 2745 966 2813 τὸ
995 2742 1132 2832 βάλλειν
1161 2746 1217 2814 έπί
1242 2751 1302 2814 τοῦ

134 2851 326 2939 τιτρώσκειν
345 2849 473 2942 τίθησι·
496 2859 552 2921 νῦν
574 2852 611 2923 δέ
631 2851 777 2945 ἔμφασιν
797 2850 873 2935 δάιοι.
909 2855 981 2922 Ηοο
994 2857 1202 2940 interpretor:
1223 2857 1302 2935 „hoc

135 2986 210 3029 vero
236 2963 308 3028 loco
334 2965 473 3047 speciem
494 2965 604 3044 habet,
630 2964 684 3028 hic
708 2964 798 3029 locus
827 2964 990 3048 speciosus
1018 2967 1083 3028 est“
1113 2968 1150 3029 ut
1174 2966 1205 3026 Β
1231 2969 1301 3031 809.

136 3075 167 3132 Ζ
188 3076 255 3138 169.
282 3072 312 3132 Β
333 3076 393 3139 299
416 3075 449 3136 et
469 3071 555 3136 verb.
577 3065 752 3156 ἐμφαίνειν
777 3073 807 3134 Ε
826 3076 896 3138 875.
936 3070 1091 3136 Dolemus
1116 3071 1169 3136 hic
1189 3093 1303 3135 manca

137 3199 205 3242 esse
227 3177 357 3243 scholia.
395 3177 530 3243 Censuit
549 3178 685 3243 fortasse
700 3177 903 3243 Aristarchus
923 3178 1010 3243 hunc
1030 3178 1139 3244 locum
1160 3179 1205 3244 sic
1227 3199 1302 3244 con-

135 3285 322 3349 struendum
337 3306 405 3350 esse
426 3286 474 3368 τῷ
495 3277 527 3347 δ’
552 3278 788 3363 ἐπετοξάζοντο
809 3278 952 3367 ἔβαλλόν
973 3307 1008 3348 τε
1030 3278 1112 3349 ίοῖσι
1133 3279 1250 3349 λάεσσί
1268 3307 1303 3348 τε

134 3385 378 3473 τιτυσκόμενοι,
409 3414 474 3476 quo
495 3391 622 3457 facilius
650 3393 691 3457 ad
717 3393 930 3477 supplendum
959 3393 1174 3458 accusativum
1200 3384 1302 3458 αὐτόν
1314 3401 1368 3470 (75)

137 3499 318 3565 ducebatur.
363 3498 433 3564 Nos
464 3499 858 3565 illam›constructionem
887 3500 1044 3566 veriorem
1072 3500 1230 3578 ducimus,
1264 3501 1304 3566 ad

136 3629 231 3690 quam
258 3607 403 3693 legentes
434 3608 625 3690 promtiores
658 3629 768 3672 sumus
796 3629 942 3691 quaeque
974 3611 1107 3692 propter
1133 3608 1248 3692 duplex
1268 3630 1304 3671 τε

136 3713 345 3797 aequabiliter
373 3698 516 3798 positum
543 3714 729 3780 concinnior
754 3714 895 3792 videtur,
923 3715 970 3798 τῷ
999 3706 1031 3777 δ’
1054 3708 1302 3792 ἐπετοξάζοντο,

135 3812 218 3885 ίσῖοί
244 3843 279 3884 τε
307 3815 536 3903 τιτυσκόμενοι
566 3815 682 3886 λάεσσί
713 3843 748 3884 τε
779 3815 966 3903 βάλλοντες.
1015 3820 1080 3887 Sed
1109 3844 1167 3905 pro
1200 3821 1302 3887 altero
1320 3844 1351 3893 63

135 3927 304 4012 participio
327 3929 454 3993 transiit
476 3929 669 3995 adverbum
690 3928 826 4005 finitum,
847 3932 883 3993 ut
904 3931 932 3989 Y
951 3934 1004 3996 48:

945 4024 1004 4098 αδε
1027 4027 1059 4098 δ’
1080 4026 1220 4122 Ἀθήνη,

238 4134 330 4206 στάά
356 4134 410 4208 δτὲ
430 4139 490 4225 μὲν
512 4140 604 4226 παρὰ
623 4135 752 4230 τάφρον
774 4133 915 4227 ὀρυκτὴν
935 4135 1061 4222 τείχεος
1081 4136 1184 4220 ἐκτός,

239 4239 350 4313 άλλστ’
374 4242 426 4313 ἐπ’
451 4242 583 4314 ἀκτάων
604 4243 792 4330 ἐριδούπων
811 4245 943 4331 μακρὸν
964 4241 1065 4314 diicat.
1110 4307 1112 4312 .

140 4357 170 4416 Κ
183 4359 252 4424 388.
276 4357 304 4419 li
318 4363 385 4425 145.
405 4381 423 4441 ρ
442 4363 491 4427 66.
514 4379 532 4421 ο
549 4363 576 4425 6.
599 4363 713 4446 ψ351.
735 4380 763 4422 v.
777 4356 939 4422 Fritzsche
961 4362 1083 4441 quaest.
1098 4357 1171 4422 Luc.
1186 4379 1216 4440 p.
1233 4362 1300 4424 112.
