3008 4980
550 339 573 393 5.
602 280 644 391 de
661 334 736 390 Ulixi
753 335 898 391 erroribus.
1248 343 1308 403 243

142 525 204 586 que
226 505 356 586 poetam
377 502 411 567 id
433 524 528 588 agere
550 508 647 587 atque
669 504 732 570 hoc
754 503 831 569 boni
852 506 967 588 poetae
989 500 1160 566 consilium
1182 523 1251 566 esse
1273 505 1310 566 ut

142 632 238 692 quam
270 609 408 693 plurima
440 611 577 676 doceret.
625 610 689 676 Sed
717 611 848 676 fuerunt
875 611 928 674 alii
959 608 1166 696 elegantioris
1191 608 1310 689 iudicii,

142 717 198 800 qui
220 715 434 782 defendebant
458 722 573 803 poetae
596 718 737 784 officium
757 740 824 782 non
846 739 915 782 esse
938 718 986 801 (ut
1007 715 1164 782 vocabula
1184 717 1224 781 ab
1247 715 1309 781 illis

141 827 277 905 sumam)
293 865 331 875 -
347 819 569 889 διδασκαλίαν
586 827 643 891 sed
658 820 880 912 ψυχαγωγίαν.
916 824 1042 889 Horum
1059 823 1209 908 princeps
1228 822 1309 887 Era-

140 931 308 996 tosthenes
330 930 447 1015 (Strab.
471 931 487 998 I
507 957 538 1019 p.
559 939 588 1001 6.
609 957 641 1018 p.
662 935 724 1016 25).
768 933 820 1000 Ab
843 933 943 1001 altere
963 935 1054 1017 parte
1077 930 1158 996 alios
1180 935 1309 996 secutus

140 1042 205 1104 stat
226 1038 342 1106 Strabo
357 1039 606 1106 Eratosthenem
626 1041 821 1126 impugnans
834 1043 887 1108 ¹⁵3.
916 1041 968 1105 Ab
990 1040 1051 1105 hac
1066 1039 1218 1125 opinione
1232 1061 1308 1123 pro-

139 1148 243 1212 fectus
270 1147 423 1232 pleraque
448 1149 489 1213 ad
516 1148 698 1214 eruditioris
725 1149 839 1214 aetatis
871 1148 1037 1213 scientiam
1065 1147 1305 1231 interpretando
1320 1154 1390 1226 (253)

140 1255 367 1320 accommodat
409 1255 462 1323 Sic
492 1249 612 1340 α’ρκτον
639 1257 778 1343 explicat
804 1250 960 1340 ἀρκτικὸν
983 1250 1118 1331 κύκλον,
1151 1276 1192 1318 ne
1222 1253 1308 1319 hunc

139 1364 304 1448 ignorasse
331 1364 477 1430 videatur
500 1369 609 1449 poeta,
635 1358 809 1453 ἆψόῤῥοον
830 1357 988 1428 Ὠκεανόν
1010 1363 1049 1428 de
1070 1362 1167 1427 maris
1189 1361 1308 1426 effluxu

140 1474 172 1536 et
192 1493 319 1537 recessu
340 1475 383 1557 (p.
405 1478 434 1539 3.
456 1474 499 1554 4).
533 1471 616 1537 Item
638 1472 864 1558 geographica.
899 1469 1006 1537 Nosse
1025 1469 1207 1554 Bosporum
1222 1469 1309 1535 oim-

138 1580 289 1659 merium,
314 1579 447 1660 Istrum,
476 1602 547 1646 oras
568 1579 745 1665 Hispaniae
771 1583 814 1664 (p.
836 1584 877 1663 6).
913 1579 999 1643 Huic
1022 1576 1166 1663 opinioni
1187 1576 1308 1661 primus

139 1687 228 1752 omni
247 1687 279 1751 vi
302 1688 472 1753 obstiterat
484 1687 726 1767 Eratosthenes
749 1689 804 1771 qui
826 1691 955 1772 poetam
977 1710 1044 1753 non
1059 1685 1238 1751 doctrinam
1252 1683 1309 1748 sed

137 1793 339 1877 voluptatem
360 1795 560 1859 audientium
578 1795 772 1879 quaesivisse
789 1795 931 1860 defendit
947 1797 1079 1880 eiusque
1096 1792 1309 1859 eruditionem

138 1901 334 1966 mediocrem
357 1924 435 1968 esse.
478 1902 657 1968 Homerum
678 1903 902 1968 tantummodo
924 1905 959 1968 in
981 1903 1113 1970 Graecia
1133 1903 1216 1966 bene
1238 1922 1308 1965 ver-

139 2011 245 2073 satum
271 2030 353 2088 esse,
379 2010 574 2093 reliquarum
603 2032 679 2075 vero
705 2011 876 2096 regionum
901 2033 1059 2077 summam
1081 2032 1149 2074 esse
1171 2008 1307 2073 inscien-

139 2115 227 2193 tiam,
247 2138 288 2180 ne
302 2117 489 2203 Aegyptum
511 2118 641 2202 quidem
662 2117 713 2183 vel
733 2117 867 2203 Libyam
887 2121 1051 2206 cognitam
1070 2118 1199 2184 habere.
1234 2115 1306 2180 Hoc
1325 2129 1373 2179 241

138 2244 213 2289 vero
236 2226 364 2288 tantum
385 2225 497 2290 abesse
518 2229 555 2289 ut
576 2229 691 2311 poetae
710 2226 788 2291 vitio
802 2228 993 2292 vertendum
1007 2228 1058 2306 sit,
1077 2229 1115 2291 ut
1128 2226 1197 2318 ipse
1211 2227 1309 2309 poeta

139 2331 220 2395 nihil
239 2331 302 2395 nisi
323 2331 506 2396 auditorum
523 2332 769 2399 delectationem
792 2357 948 2419 quaerens
971 2335 1068 2400 etiam
1091 2335 1129 2399 de
1151 2331 1309 2397 industria

138 2438 261 2504 insulas
286 2442 319 2504 et
343 2443 444 2505 terras
465 2444 606 2505 remotas
629 2445 662 2506 et
681 2442 778 2507 miras
799 2446 997 2508 remotorum
1017 2441 1212 2527 populorum
1234 2461 1308 2504 con-

139 2547 326 2614 suetudines
350 2547 486 2613 finxerit.
529 2547 634 2626 Quare
662 2548 689 2613 si
711 2550 783 2632 quis
806 2550 942 2631 Circam,
969 2548 1142 2634 Cyclopem
1168 2551 1201 2612 et
1226 2546 1307 2610 alios

139 2655 243 2720 dicere
264 2654 343 2720 velit
363 2656 419 2720 ubi
440 2654 570 2735 fuerint,
593 2678 666 2721 eum
688 2679 803 2722 vanam
825 2680 956 2742 operam
979 2678 1174 2722 consumere.
1204 2653 1306 2719 Immo

139 2763 265 2827 etiamsi
282 2762 488 2828 statuendum
510 2762 553 2828 sit
566 2762 694 2829 Ulixem
715 2765 798 2830 circa
814 2765 955 2831 Siciliam
971 2787 1100 2845 errasse,
1114 2767 1223 2828 tamen
1236 2761 1307 2826 Ho-

137 2891 263 2934 merum
283 2870 461 2936 rationibus
484 2893 566 2955 quae
587 2876 717 2956 poetam
740 2873 854 2938 decent
876 2875 1007 2938 ductum
1027 2871 1107 2937 haec
1128 2869 1307 2954 inlongius

137 2999 302 3042 removere
325 2978 472 3068 debuisse
497 2983 530 3044 et
550 2981 735 3058 removisse,
762 3003 803 3046 ne
823 2981 983 3046 mirabilia
1003 2980 1099 3045 nimis
1119 2979 1154 3042 in
1175 2978 1307 3063 propin-

139 3107 204 3169 quo
226 3085 473 3154 acciderent154.
501 3086 571 3152 Hac
592 3088 643 3153 vie
664 3109 853 3173 progressus
875 3093 923 3154 est
944 3088 1154 3166 Aristarchus,
1176 3086 1235 3151 hac
1256 3085 1307 3150 via

206 3302 244 3345 1⁵³
259 3304 293 3357 In
305 3303 358 3357 hac
370 3303 532 3372 quaestione
550 3303 670 3358 maxime
682 3303 875 3375 Hipparchum
892 3308 1009 3370 secutus,
1029 3321 1054 3358 v.
1066 3322 1094 3373 p.
1108 3309 1122 3358 1
1138 3293 1310 3373 (Ἵππαρχος

138 3381 171 3442 έν
188 3393 251 3450 τοῖς
267 3381 342 3458 πρὸς
356 3382 578 3461 Ἐρατοσθένη),
595 3408 622 3459 p.
643 3395 673 3445 15
692 3391 823 3461 (πρῶτον
843 3382 871 3444 δ’
890 3386 1086 3445 ἐπισκεπτέον
1102 3379 1308 3458 Ἐρατοσθένη,

134 3469 355 3541 παρατιθέντας
372 3464 433 3540 ἅμα
451 3474 501 3528 καὶ
518 3476 571 3544 τὴν
585 3464 743 3546 Ἱππάρχου
764 3474 838 3546 πρὸς
856 3467 946 3530 αὐτὸν
963 3473 1152 3543 ἀντιλογίαν).

203 3557 285 3625 1⁵41).
305 3561 336 3611 18
356 3557 400 3626 (49
417 3555 483 3628 Ta).
501 3562 533 3613 29
552 3560 607 3630 (61)
624 3548 760 3631 ,ζὈμηρον
780 3563 854 3630 μήτε
876 3557 984 3615 εἰδέναι
1006 3561 1100 3613 ταῦτα
1117 3561 1191 3627 μήτε
1208 3555 1309 3626 βούλε-

138 3641 209 3694 σθαι
227 3637 260 3694 έν
275 3639 437 3710 γνωρίμοις
453 3643 557 3707 τόποις
573 3650 671 3699 ποιεῖν
688 3647 741 3713 τὴν
757 3645 893 3714 πλάνην.“
922 3663 950 3714 p.
967 3647 999 3697 26
1017 3643 1071 3714 (19)
1090 3637 1250 3712 ,,ὕπολοὶβοι
1265 3658 1310 3704 τις

138 3718 175 3779 ἂν
186 3715 238 3780 τὸν
249 3727 373 3796 ποιητὴν
387 3727 548 3798 βούλεσθαι
568 3725 623 3796 μὲν
639 3724 672 3784 έν
688 3736 751 3791 τοῖς
767 3729 995 3799 προσεσπερλοις
1012 3725 1113 3792 τόποις
1132 3729 1184 3797 τὴν
1200 3726 1310 3796 πλάνην

137 3812 180 3882 τῷ
195 3800 327 3864 Ὀδυσσεῖ
343 3817 454 3866 ποιεῖν·
481 3803 643 3882 ἀποστῆναι
665 3803 692 3865 d'
716 3803 775 3867 ἀπὸ
796 3817 857 3867 τοῖν
877 3807 1092 3880 ὑποκειμένων,
1121 3810 1159 3866 τὰ
1178 3809 1234 3880 μέν
1256 3812 1309 3866 οὐκ

138 3882 267 3963 ἀκριβῶς
282 3893 476 3963 πεπυσμένον,
494 3894 531 3951 τὰ
548 3893 581 3951 dt
599 3893 667 3951 οὐδὲ
684 3889 885 3967 προελόμενον
903 3889 1003 3962 οὕτως,
1023 3888 1083 3950 ἀλλ’
1099 3891 1149 3951 ἐπὶ
1164 3889 1199 3950 τὸ
1217 3890 1310 3950 detod-

138 3992 226 4045 τερον
240 3978 291 4032 καλ
302 3970 338 4032 τὸ
354 3977 612 4050 τερατωδέστερον
622 3973 732 4036 ἕκαστα
750 3973 889 4050 έξοὶγειν.“
916 3985 948 4037 28
958 3984 1012 4050 (14)
1021 3998 1080 4049 sqq.
1089 3979 1144 4035 Vll
1153 3999 1180 4050 p.
1193 3985 1250 4035 298.
1260 3983 1308 4035 299

139 4060 200 4130 (854
215 4061 296 4133 sqq).
329 4061 437 4133 Lepida
459 4062 518 4118 eins
538 4064 624 4119 verba
645 4065 711 4119 sunt
731 4082 759 4134 p.
777 4070 810 4119 24
828 4066 882 4136 (64)
902 4060 979 4132 ,πότ’
1003 4060 1040 4120 ἂν
1057 4065 1154 4136 εὑρεῖν
1169 4082 1235 4120 τινα
1251 4069 1309 4119 ποῦ

139 4136 288 4211 Ὀένσσεὺς
304 4140 484 4218 πεπλάνηται
506 4143 579 4204 ὅταν
601 4143 671 4219 εθρη
692 4142 746 4204 τὸν
767 4149 875 4205 σκυτέα
897 4143 950 4205 τὸν
972 4142 1164 4221 σορῥάψαντα
1181 4142 1234 4203 τὸν
1251 4153 1311 4203 τῶν

139 4225 256 4296 ἀνέμων
274 4223 390 4286 οἶσιιόν.“
419 4232 501 4288 Unde
512 4235 593 4303 patet
604 4251 689 4303 quam
701 4231 728 4288 ei
744 4231 885 4288 contraria
901 4249 966 4302 para
983 4232 1102 4288 ridicula
1117 4235 1177 4289 risa
1193 4234 1237 4288 sit.
1263 4233 1304 4287 De

138 4329 273 4370 consensu
292 4312 497 4385 Eratosthenis,
519 4317 680 4384 Aristarchi,
701 4317 866 4388 Apollodori
891 4335 917 4372 v.
935 4320 1048 4387 praeter
1069 4335 1103 4373 ea
1126 4336 1198 4388 quae
1216 4320 1309 4373 textus

138 4400 232 4455 noster
253 4399 340 4457 habet
360 4400 482 4459 maxime
502 4421 531 4473 p.
549 4407 578 4458 31
599 4404 663 4473 (81).
693 4402 747 4459 VII
769 4408 817 4459 298
836 4405 915 4474 (354).
946 4407 997 4458 299
1020 4404 1092 4474 (358)
1113 4399 1309 4469 „calatriam

1048 4488 1100 4542 16*
