3008 4980
526 335 549 386 2.
576 322 700 402 βάλλειν,
720 320 851 396 οάτάσαι,
868 329 927 385 sim.
1270 338 1308 401 61

141 495 216 560 inde
230 495 327 560 modo
342 495 457 561 dicitur
471 497 650 583 significare
666 489 892 582 ἐπιτυγχάνειν
907 499 958 564 vel
971 491 1163 576 πατάσσειν,
1184 493 1308 576 παίειν,

142 602 238 667 ιιιοδο
259 595 470 687 τιτρώσκειν.)

225 709 362 774 Omnem
381 734 475 776 usum
495 712 582 777 vocis
602 705 741 793 βάλλειν
762 735 858 796 quam
878 712 1005 777 difficile
1027 714 1069 778 sit
1091 735 1130 777 ex
1150 716 1241 777 tanta
1261 712 1310 777 lo-

143 837 253 881 corum
279 817 372 902 copia
396 841 505 883 eruere
530 820 599 904 ipse
626 822 775 904 expertus
803 841 882 884 sum.
926 818 1031 896 Quare
1063 820 1172 884 statim
1197 819 1307 898 dicam,
1321 821 1375 892 (72)

143 928 179 989 ut
204 947 254 990 res
276 947 311 989 se
331 925 458 991 habeat.
500 925 553 993 Sic
578 927 691 991 melius
712 926 890 991 Aristarchi
920 927 1065 991 doctrina
1091 926 1310 1010 explicabitur.

143 1025 281 1112 βάλλειν
299 1025 373 1095 τινά
395 1032 428 1097 id
443 1033 612 1118 significat,
635 1034 722 1118 quod
735 1034 939 1098 Aristarchus
962 1033 1083 1098 docuit:
1105 1034 1160 1099 sed
1183 1056 1220 1098 eo
1243 1057 1310 1099 non

143 1139 305 1222 pertinent
331 1140 462 1204 omnino
485 1140 508 1203 ii
529 1139 592 1204 loci
613 1141 670 1206 ubi
691 1137 828 1222 βάλλειν
850 1140 911 1205 sibi
932 1140 1118 1204 adiunctum
1137 1140 1237 1205 habet
1258 1163 1310 1205 ac·

144 1247 321 1311 cusativum
340 1246 444 1327 iaculi,
467 1270 493 1312 e.
513 1269 545 1332 g.
567 1242 705 1330 βάλλειν
726 1241 792 1325 ἶόν;
813 1270 871 1332 pro
893 1247 955 1314 hoc
977 1248 1157 1313 accusativo
1178 1248 1311 1331 ponitur

145 1353 241 1418 etiam
263 1353 386 1418 dativus
408 1347 547 1435 βάλλειν
567 1347 619 1438 λῶ,
644 1358 676 1420 et
697 1355 893 1420 coniunctim
911 1348 1048 1435 βάλλειν
1067 1351 1141 1416 τινὰ
1164 1347 1211 1438 λη’).
1244 1353 1312 1419 Ιεαι

144 1461 201 1525 ubi
227 1460 317 1526 nullo
349 1460 458 1525 addito
485 1483 560 1526 casu
590 1462 696 1527 solum
720 1456 858 1542 βάλλειν
884 1462 1058 1540 invenitur,
1089 1465 1236 1526 nostrum
1263 1466 1313 1526 est

144 1568 283 1632 iudicare
304 1567 383 1632 locis
409 1567 546 1653 singulis
568 1569 651 1633 sitne
675 1570 703 1634 is
731 1569 942 1648 accusativus,
973 1569 1029 1653 qui
1049 1568 1189 1633 iaculum
1210 1568 1312 1654 signi-

145 1675 226 1753 ficat,
249 1674 355 1739 animo
376 1675 582 1759 supplendus,
602 1698 643 1739 an
664 1676 700 1757 is,
722 1699 786 1760 quo
806 1677 904 1742 homo
923 1676 1028 1741 iaculo
1051 1676 1146 1740 ictus:
1169 1675 1256 1760 quod
1277 1676 1311 1739 in

144 1781 310 1848 nonnullis
331 1783 365 1846 in
386 1781 492 1847 medio
512 1782 758 1867 relinquetur³⁶.
797 1783 932 1863 Addam,
949 1806 990 1847 ne
1008 1783 1087 1867 quid
1101 1782 1193 1860 desit,
1216 1776 1313 1858 ἕλκος

141 1881 282 1970 βάλλειν
306 1884 415 1971 (ἕλκος
439 1926 481 1938 -
505 1886 544 1956 τό
568 1912 627 1972 μιν
654 1883 738 1971 βάλε
758 1884 938 1973 Πάνδαρος
959 1883 1000 1973 ἰῷ
1027 1890 1146 1956 Erae.
1181 1892 1221 1951 Π
1239 1894 1311 1972 511)

144 1997 213 2077 dici,
235 2001 272 2062 ut
293 1992 390 2073 ἕλκος
409 1994 543 2061 τύπτειν
563 1998 608 2079 (Ω
626 1999 746 2081 421)³⁷.
782 1997 850 2063 Iam
870 1998 911 2062 ad
932 1996 1107 2062 Aristonici
1128 1996 1312 2082 testimonia

144 2127 254 2190 pergo.
293 2109 323 2168 Γ
335 2110 395 2174 368
418 2101 454 2168 ἐκ
476 2100 515 2168 δέ
534 2127 595 2187 μοι
615 2097 709 2188 ἕγχος
729 2097 831 2192 ἠΐχθη
854 2098 1056 2191 παλάμηφιν
1078 2097 1215 2168 ἐτώσιον
1238 2095 1309 2168 οὐδ’

143 2205 262 2294 ἔβαλόν
281 2236 355 2294 μινι
385 2206 438 2276 ὅτι
465 2213 583 2298 σαφῶς
606 2208 644 2277 τὸ
672 2204 746 2276 οὐδ’
770 2204 894 2294 έβαλόυ
917 2235 975 2294 μιν
1001 2205 1172 2298 <οημαίνει
1192 2210 1312 2275 delevit

142 2319 308 2404 Lehrsius>
333 2312 405 2384 ἀντὶ
432 2322 491 2383 τοῦ
522 2311 601 2384 οὐδὲ
626 2310 777 2397 ἐπάταξα
806 2312 913 2386 αὐτόν.
965 2322 998 2383 Δ
1025 2326 1082 2387 117
1109 2315 1147 2384 τὸ
1173 2312 1313 2401 βάλλειν

136 2421 283 2512 Ὅμηρος
305 2420 364 2491 οὐκ
386 2424 443 2492 ἐπὶ
459 2429 518 2492 τοῦ
537 2424 648 2514 ψιλῶς
668 2420 841 2511 προέσθαι
857 2422 1002 2512 τίθησιν.
1032 2427 1068 2507 1Ε
1082 2433 1119 2493 17
1146 2419 1311 2488 Τυδείδεω

144 2526 176 2596 δ’
192 2527 275 2616 ὑπὲρ
297 2523 388 2616 ῶμον
409 2525 582 2615 άριοτερδν
601 2526 699 2621 ἤλυθ’
719 2526 831 2618 dauci}
854 2528 964 2618 ἔγχεος
986 2525 1059 2598 οὐδ’
1082 2524 1172 2614 ἔβαλ’
1196 2523 1313 2595 αὕτόνε

144 2632 215 2704 ἀντὶ
240 2642 299 2704 τοῦ
327 2632 387 2706 οὐκ
413 2635 574 2720 ἐπέτυχεν,
622 2643 652 2704 Ε
675 2646 715 2707 52
742 2636 868 2706 ἐσθλὸν
895 2626 1081 2728 θηρητῆρα·
1112 2633 1225 2717 δίδαξε
1250 2635 1312 2722 γὰρ

133 2739 291 2830 ’Ἀρτεμις
319 2741 399 2836 αὗτῆ
428 2743 566 2832 βάλλειν
592 2741 692 2833 άγρια
721 2743 847 2813 πάντα·
884 2743 936 2812 ὅτι
966 2750 1081 2835 σαφῶς
1109 2743 1148 2812 τὸ
1174 2739 1313 2828 βάλλειν

144 2846 216 2918 άντὶ
233 2855 316 2938 (τοῦ)
335 2849 512 2940 τυγχάνειν.
552 2857 581 2920 Θ
599 2863 659 2924 299
680 2848 803 2932 πάντες
825 2848 956 2939 (ὀϊστοὶ)
980 2848 1012 2919 δ’
1036 2851 1071 2919 ἐν
1089 2852 1166 2937 χροὶ·
1183 2855 1313 2940 πῆχθεν

144 2954 317 3049 ἀρηϊθόων
339 2954 476 3049 αἰζηῶν,
501 2965 618 3027 τοῦτον
646 2956 677 3026 δ’
702 2955 739 3028 οὗ
763 2955 907 3044 δυ’ναμαι
932 2958 1067 3045 βαλέειν
1093 2955 1175 3026 κάνα
1193 2959 1313 3046 λυσσῆ-

143 3071 242 3156 τῆροι
263 3063 315 3135 ὅτι
331 3061 402 3134 ἀντὶ
422 3072 482 3134 τοῦ
499 3071 621 3134 παῖσαι
642 3067 698 3135 καὶ
720 3071 751 3150 (l.
766 3067 818 3153 τὸ)
839 3068 964 3153 βαλεῖν.
1002 3069 1049 3136 lb.
1066 3075 1125 3137 301
1151 3059 1171 3156 ἦ
1192 3071 1234 3154 ῥα
1255 3065 1311 3132 καὶ
1329 3090 1359 3139 61

145 3167 248 3240 άλλον
276 3168 388 3241 ὀϊστὸν
417 3170 486 3242 άπὸ
516 3179 673 3262 νευρῆφιν
699 3170 815 3241 ἰἀλλεν
829 3173 985 3262 Ἕκτορος
1006 3169 1152 3262 άντικρά,
1178 3171 1312 3259 βαλέειν

146 3278 184 3347 δέ
204 3278 301 3348 arao
323 3281 445 3365 θυμός·
467 3267 600 3350 καὶτοῦ
620 3279 681 3368 μέν
702 3277 732 3370 ῥ’
758 3277 947 3372 ἀφάμαρθ’,
969 3279 987 3351 ὁ
1010 3278 1042 3349 δ’
1060 3278 1214 3369 ἀμύμονα
1230 3288 1312 3366 Γορ-

145 3384 306 3474 γυθίωνα,
329 3386 402 3459 υἱδν
416 3388 471 3456 etv
485 3385 670 3475 Πριάμοιο,
695 3388 780 3456 κατὰ
802 3395 929 3480 στῆθος
948 3385 1051 3477 βάλεν
1068 3386 1125 3479 trgi:
1146 3387 1178 3481 (ῆ
1195 3391 1311 3479 διπλῆ)

144 3494 229 3583 πρὸς
249 3494 286 3564 τδ
308 3495 451 3581 βαλέειν.
488 3501 635 3568 3131οοο
651 3499 826 3568 simillimo:
847 3494 878 3588 (ῆ
902 3498 1018 3588 διπλῆ)
1043 3497 1129 3585 πρὸς
1149 3498 1186 3568 τὸ
1209 3493 1312 3582 βάλεν

146 3596 218 3670 άντὶ
236 3607 296 3670 τοῦ
310 3600 454 3674 ἔπαισεν.
494 3609 523 3672 Θ
538 3613 598 3676 322
613 3600 632 3673 ὃ
648 3602 685 3671 δέ
703 3601 884 3688 χερμάδιον
900 3602 986 3691 λάβε
997 3603 1098 3692 χειρί·
1117 3611 1160 3696 βῆ
1175 3600 1207 3672 δ’
1233 3600 1312 3684 late
1324 3617 1378 3686 (73)
1500 3642 1501 3646 ,

149 3705 304 3797 Τεύκρου,
321 3711 456 3797 βαλέειν
468 3709 506 3779 δέ
520 3710 536 3779 ἓ
550 3711 661 3796 θυμὸς
675 3707 811 3799 άνῶγειε
832 3711 966 3798 βαλέειν
979 3712 1030 3781 ὅτι
1047 3714 1104 3780 ἐπὶ
1116 3718 1173 3781 τοῦ
1186 3717 1313 3796 τρῶσαι

146 3821 220 3902 (hoc
248 3845 333 3887 nunc
354 3822 484 3906 quidem
505 3826 631 3888 tantum
656 3823 690 3886 in
712 3823 782 3889 eod.
802 3828 844 3903 V,
870 3824 926 3888 sed
947 3824 1040 3888 fluxit
1061 3824 1130 3889 sine
1152 3823 1250 3888 dubio
1273 3844 1312 3887 ex

213 4129 238 4170 ³6
254 4127 300 4181 Sic
311 4127 484 4182 notissimum
496 4126 566 4181 fflud
576 4121 657 4197 βάλλ’
674 4121 766 4188 οὕτως
785 4132 818 4183 αλ
832 4112 930 4184 κέντε
947 4124 1032 4197 φόως
1043 4131 1074 4183 Δ.
1087 4127 1187 4198 γένηαι
1200 4126 1312 4181 Vossius

147 4214 220 4266 certe
234 4210 265 4266 in
276 4228 309 4266 aa
321 4210 449 4277 editione,
468 4227 525 4279 qua
542 4227 594 4281 ego
612 4215 683 4278 utor,
701 4212 797 4267 vertit:
816 4212 887 4267 Triff
902 4230 931 4268 so
948 4212 1011 4268 fort.
1036 4212 1092 4266 Alii
1103 4213 1221 4268 malent:
1239 4210 1312 4264 Wirl

146 4310 176 4349 ⁸0
192 4294 371 4452 fllt'ssdttew
386 4383 501 4449 τραῦμα
518 4379 590 4434 Plat.
608 4396 666 4451 rep.
685 4380 726 4436 111
744 4385 822 4437 4⁰8⁵.
