3046 4980
232 338 290 398 144
317 327 350 382 11.
381 328 422 384 De
440 328 616 384 Aristarchea
632 327 831 384 vooabulorum
847 327 1057 385 Homen'corum
1073 327 1312 399 interpretatione.

230 490 300 561 έστι
321 491 437 580 λέγειν.
460 537 499 547 -
525 499 561 559 Ν
578 503 616 563 41
639 488 818 580 ἄβρομοι
844 489 1025 577 αὐλαχοιε
1051 490 1082 583 (ἡ
1108 495 1224 582 διπλῇ)
1248 491 1301 562 ὅτι
1327 487 1400 561 άντί

227 605 287 667 τοῦ
314 595 399 687 άγαν
423 605 625 687 βρομοδντες
651 600 710 668 καί
733 594 819 688 άγαν
839 595 1008 685 ίαχοῦντες
1027 596 1096 669 κατ’
1121 597 1275 669 ἐπίτασιν
1294 605 1355 670 τοῦ
1376 625 1399 666 α

229 706 400 793 κειμένου·
422 702 578 776 ἑκάστοτε
598 707 661 795 γὰρ
684 705 894 798 θορυβώδεις
913 709 991 788 τοὺς
1008 714 1125 796 Τρῶας
1138 705 1345 797 παρίστησιν.
1359 751 1400 763 -

229 821 263 882 K
282 824 342 888 430
364 812 395 905 (ἡ
422 817 537 904 διπλῆ)
560 812 613 885 ὁτι
635 809 673 883 σά
696 812 799 901 μόνον
817 814 875 884 dni
892 812 1029 884 Ῥοδίων
1057 820 1099 901 (Β
1118 820 1192 902 654)
1211 820 1332 905 χρῆται
1351 821 1400 903 τῶ

230 919 427 1011 ἀγέρωχοι
453 921 549 991 ἕνεκα
572 928 632 991 τοῦ
661 918 805 1012 ἀγείρειν
828 924 889 1012 τὴν
910 919 990 1012 ὅχην
1010 920 1159 992 τουτέστι
1177 922 1239 1011 τὴν
1257 919 1396 1015 τροφήν,

230 1027 302 1099 ἀλλ’
327 1031 384 1100 tat
404 1036 531 1100 Μυσῶν
549 1030 606 1099 καὶ
624 1028 746 1117 Τρώων
767 1037 812 1118 (Γ
830 1035 882 1119 36)
905 1022 978 1099 οἷον
999 1027 1174 1120 γεραὸχων,
1195 1036 1323 1116 σεμνῶν
1342 1031 1400 1099 καί

230 1137 378 1224 έντίμων.
405 1141 478 1208 Hoo
496 1143 563 1210 iam
584 1142 736 1208 admonet
755 1143 874 1208 multas
896 1144 964 1208 eius
987 1141 1208 1229 etymologias,
1229 1142 1327 1207 etiam
1348 1143 1400 1208 in-

230 1254 333 1315 certas
357 1255 391 1316 et
414 1251 525 1333 falsas,
551 1273 624 1316 oum
649 1251 737 1315 bona
763 1250 987 1317 observatione
1015 1251 1202 1318 coniunctas
1229 1274 1307 1318 esse.
1350 1250 1400 1315 De

230 1352 372 1440 ὅμιλος
393 1362 427 1424 et
448 1352 605 1440 ὁμιλεῖν
624 1359 705 1424 haee
719 1357 887 1423 habemus:
907 1360 947 1422 Λ
961 1365 1021 1427 502
1037 1352 1069 1444 (ἡ
1088 1355 1206 1443 διπλῆ)
1222 1353 1274 1425 ὁτι
1289 1352 1401 1440 ὁμίλει

231 1458 303 1530 άντί
322 1467 382 1530 τοῦ
404 1461 551 1550 ἐμάχετο,
574 1458 644 1532 άπὸ
665 1467 724 1530 τοῦ
745 1457 832 1548 ὁμοῦ
853 1463 913 1542 τὰς
932 1458 1010 1543 ἴλας
1031 1464 1243 1549 συμβάλλειν.
1277 1468 1316 1530 Λ
1338 1471 1397 1532 523

222 1568 358 1657 Ἕκτορ,
388 1573 453 1637 νῶϊ
475 1568 536 1656 μέν
568 1564 689 1638 ἐνθάδ’
714 1566 893 1655 ὁμιλέομεν
918 1575 1116 1639 Δαναοῖσινε
1142 1567 1175 1661 (ἡ
1200 1571 1318 1660 διπλῆ)
1346 1567 1398 1639 ὁτι

230 1675 351 1765 κυρίως
376 1676 467 1766 λέγει
495 1675 691 1765 ὁμιλέομεν,
714 1674 800 1763 ὁμοῦ
820 1678 880 1758 τὰς
901 1675 978 1759 ίλας
999 1679 1239 1765 συμβάλλομεν.
1285 1683 1319 1744 Κ
1339 1685 1400 1748 338

105 1777 107 1782 ’
231 1781 266 1874 (ἦ
289 1787 405 1874 διττλη)
434 1782 488 1856 ὁτι
514 1792 570 1854 νῦν
594 1784 655 1872 μέν
682 1781 803 1871 ὅμιλον
830 1786 868 1854 τὸ
890 1788 1029 1875 πλῆθος
1054 1786 1112 1854 καί
1133 1781 1308 1872 άθρυισμα
1336 1791 1400 1852 τῶν

235 1892 356 1981 Τρώων
391 1891 496 1982 λέγει·
531 1893 572 1961 έν
605 1892 674 1978 μέν
706 1885 773 1962 οὖν
802 1898 848 1985 τῇ
874 1889 1025 1961 Ἰλιάδι
1056 1891 1309 1981 πυκνότερον,
1331 1893 1401 1982 τὴν

167 2027 215 2077 145
232 2001 355 2091 μάχην
384 1999 529 2087 ὁμιλον
563 2004 695 2083 καλεῖ,
723 1999 764 2068 ἐν
791 1995 998 2093 Ὀδυσσείᾳ
1034 2003 1078 2069 δέ
1107 1990 1158 2073 τὸ4
1182 1997 1400 2096 ἷίθροισμα.

232 2115 265 2176 Κ
277 2105 372 2198 saevi
396 2110 503 2197 διπλῆ
524 2105 577 2178 ὅτι
598 2109 656 2177 καί
675 2114 731 2176 νῦν
752 2106 873 2194 ὁμιλον
885 2109 924 2178 τὸ
939 2105 1115 2197 άθροισμα
1129 2102 1229 2179 είνιεν.
1255 2111 1400 2198 Utraque

231 2219 422 2306 significatio
447 2219 598 2286 Passovio
613 2241 743 2306 quoque
758 2220 936 2286 dirimenda
949 2221 1025 2289 visa.
1041 2259 1081 2270 -
1096 2220 1159 2289 Sed
1173 2223 1207 2287 in
1220 2212 1400 2302 χώεαθαι

230 2328 409 2412 putaverim
431 2328 528 2413 otymi
550 2328 721 2413 aucupium
741 2328 774 2393 in
799 2349 894 2395 causa
914 2328 1022 2411 fuisse,
1043 2333 1081 2394 ut
1101 2352 1121 2394 a
1141 2352 1237 2396 sensu
1251 2328 1401 2396 vocabuli

230 2435 402 2501 aberraret.
433 2438 466 2499 Ψ
481 2441 541 2504 003
565 2431 617 2500 ὁτι
636 2432 803 2519 χωόμενος
822 2439 877 2500 νῦν
897 2429 968 2524 ᾇντὶ
981 2439 1038 2502 τοῦ
1050 2428 1259 2518 χολούμενος.
1280 2436 1324 2502 ib.
1340 2440 1401 2503 385

231 2536 263 2628 (ἡ
288 2542 406 2630 διπλῆ)
429 2538 481 2609 ὅτι
505 2539 715 2629 (χωομένοιο)
737 2536 810 2609 άντί
830 2546 890 2610 τοῦ
912 2539 1127 2628 συγχεομένυυ
1148 2538 1401 2630 (συγκεχυμένου

230 2651 323 2735 eod).
356 2654 387 2713 Φ
401 2657 462 2720 519
484 2647 537 2717 ὁτι
555 2659 672 2740 σαφῶς
682 2646 847 2735 χωόμενοι
862 2645 948 2735 (dni
961 2655 1033 2737 τοῦ)
1048 2645 1268 2736 συγχεόμενοι.
1296 2646 1330 2720 Ξ
1341 2657 1402 2720 406

232 2753 263 2844 (ἡ
288 2756 406 2844 διπλῇ)
427 2753 481 2824 ὁτι
499 2757 627 2839 χώσατο
649 2763 707 2826 νῶν
726 2751 900 2846 συνεχύθη.
941 2763 977 2823 Ν
997 2766 1054 2828 165
1076 2753 1109 2846 (ἡ
1132 2757 1250 2844 διπλῆ)
1271 2753 1324 2825 ὁτι
1346 2760 1403 2822 νῦν

228 2861 359 2945 χώσατο
381 2859 453 2931 ἀντὶ
472 2869 531 2933 τοῦ
551 2863 722 2955 συνεχύθη.
765 2873 802 2931 Χ
823 2876 881 2938 291
905 2862 1059 2954 (χώσατο)
1081 2862 1136 2933 ὁτι
1156 2859 1229 2931 άντί
1248 2868 1308 2931 τοῦ
1329 2886 1402 2930 συν-

232 2967 342 3060 εχύθη.
385 2977 423 3036 Π
440 2980 500 3042 553
527 2968 580 3040 ὁτι
604 2972 642 3040 τὸ
667 2972 834 3059 χωόμενος
860 2968 933 3041 άντί
955 2977 1015 3040 τοῦ
1041 2969 1262 3059 συγχεόμενος.
1305 2974 1403 3059 Apud

231 3081 425 3167 Hesychium
454 3083 494 3147 ad
515 3084 722 3169 paraphrasin
744 3084 937 3151 adhibentur
956 3081 1160 3164 χολοῦσθαι,
1191 3075 1398 3168 ὀργίζεσθαι,

232 3193 442 3275 συγχεῖσθαι,
466 3188 661 3256 λυπεῖσθαι.
702 3190 867 3278 Indignari
885 3214 979 3277 saepe
1001 3191 1176 3277 signifieat,
1196 3212 1263 3256 non
1285 3189 1400 3255 dolere.

231 3297 301 3364 Nec
327 3302 365 3362 A
376 3304 445 3367 ,244
467 3299 566 3383 (qnod
586 3302 636 3364 est
656 3321 713 3365 our
733 3304 893 3384 moneam)
920 3297 958 3364 σὺ
986 3292 1017 3362 δ’
1042 3293 1162 3364 ένδοθι
1184 3294 1294 3379 θυμὸν
1314 3288 1401 3379 άμί-

233 3405 300 3485 ξεις
324 3399 506 3488 χωόμενος,
540 3398 586 3471 ὅτ’
616 3400 751 3489 άριστον
776 3399 921 3486 Ἀχαιῶν
952 3397 1049 3472 ovidio
1076 3399 1188 3484 έτισας
1216 3404 1326 3490 potius
1352 3405 1401 3469 est

234 3515 399 3593 ,parabo
421 3535 526 3599 quam,
549 3534 613 3597 quo
633 3513 739 3599 ipsum
761 3511 872 3597 θυμὸν
890 3505 1026 3595 άμάξεις
1039 3515 1147 3579 ¹trahit
1165 3513 1401 3599 „indignabun-

234 3622 319 3702 dus“‚
348 3621 535 3708 indignatus
564 3643 607 3686 so.
633 3621 692 3687 tibi
719 3622 790 3708 ipsi.
812 3658 853 3673 —
866 3615 1016 3688 ''Evveot.
1060 3624 1093 3685 Κ
1109 3629 1148 3689 75
1170 3617 1225 3687 ὁτι
1246 3615 1339 3685 ἔντεα
1362 3609 1399 3686 οὗ

197 3718 199 3721 ’
232 3722 342 3791 πάντα
365 3725 405 3792 τὰ
426 3723 527 3806 ὅπλα,
552 3721 639 3792 άλλὰ
664 3724 784 3815 κυρίοις
802 3725 863 3811 μέν
884 3721 986 3806 άσπίς
1006 3723 1064 3793 καί
1084 3722 1344 3816 περικεφαλαία,
1360 3722 1401 3790 τὰ

234 3830 271 3898 δέ
293 3829 418 3917 δόρατα
438 3829 509 3901 κατ’
533 3828 755 3920 ἐπικράτειαν.
798 3841 832 3902 Κ
852 3843 892 3905 34
916 3832 970 3902 ὁτι
991 3828 1084 3901 έντεα
1106 3828 1234 3924 εἴρηκεν
1253 3824 1296 3922 ἣν
1317 3856 1402 3917 τερο-

233 3936 430 4007 σννέσταλκε
451 3940 585 4030 λεοντῆν
607 3945 712 4030 (0841)).
737 3944 785 4010 Ib.
807 3950 847 4013 23
869 3939 962 4010 ένιεα
987 3942 1025 4010 δέ
1046 3938 1116 4011 άνιὸ
1137 3948 1197 4010 τοῦ
1212 3941 1304 4020 έντός
1317 3935 1403 4022 ἔχειν

232 4044 291 4115 τὸν
324 4041 430 4136 άνδρα
460 4053 506 4135 (in
536 4074 601 4137 quo
633 4053 756 4120 scholio
786 4053 878 4120 valde
908 4077 960 4120 me
985 4054 1108 4141 castigo
1135 4053 1222 4139 quod
1247 4044 1404 4130 χλανίδος

235 4159 400 4225 emendavi
421 4160 462 4225 ad
476 4160 695 4226 Aristonicum
708 4182 767 4246 pro
785 4183 832 4240 eo,
852 4162 939 4247 quod
954 4184 1030 4228 sane
1045 4160 1162 4227 falsum
1178 4164 1236 4243 est,
1249 4151 1403 4233 άστιίδος.

301 4397 346 4438 ⁸⁴¹>
364 4395 471 4465 <Labra
488 4393 637 4450 Herodian.
655 4412 684 4464 p.
702 4400 751 4450 460
770 4393 930 4450 emendavit
948 4393 1189 4466 προσυνέστακε.)
