3008 4980
525 353 549 403 3·
571 346 676 418 μέλλω·
699 351 789 419 ζῶμα,
807 353 929 420 gorzon
1250 355 1306 417 121

138 518 328 579 sentaneum
350 517 407 578 est.
450 515 539 580 Haec
561 517 741 585 observatio
764 520 802 584 de
829 542 889 584 nen
911 518 1084 583 Homerico
1106 537 1173 581 voc.
1194 510 1307 596 μέλλω

138 623 328 707 pervulgata
351 622 386 686 in
411 626 555 689 veterum
583 624 709 690 littorio.
751 627 849 710 Apud
868 625 1076 691 Eustathium
1103 624 1229 709 saepius
1256 647 1307 688 re·

139 730 250 806 currit3
284 731 362 795 item
387 730 509 796 habent
535 731 766 817 lexicographi,
793 757 821 798 v.
849 733 987 799 maxime
1015 730 1103 799 Suid.
1131 754 1155 796 s,
1181 726 1303 811 μέλλω,

138 831 264 916 ἔμελλε.
307 838 351 904 nt
377 837 477 903 schol.
508 839 567 907 Od.
595 863 617 902 α
639 846 707 908 232.
741 839 850 908 (2274.
887 837 983 918 ζ165
997 841 1035 902 ⁶⁴.
1073 838 1162 904 Idem
1188 840 1306 904 sentire

137 944 352 1026 Nitzschium‚
382 950 472 1030 patet
500 970 540 1012 ex
566 948 777 1014 annotatione
803 948 843 1012 ad
871 948 928 1015 Od.
952 970 973 1010 α
995 952 1065 1014 232.
1110 946 1181 1025 Quo
1202 947 1306 1032 magis

139 1052 250 1118 diffido
271 1053 388 1119 iudicio
410 1076 492 1120 meo.
532 1055 693 1139 Equidem
720 1079 792 1121 cum
822 1056 930 1142 cogito
958 1055 1082 1120 nullum
1109 1077 1178 1120 esse
1207 1054 1307 1137 scrip-

138 1164 243 1225 torem
261 1161 338 1245 quin
354 1184 503 1246 expressa
517 1164 670 1248 temporis
685 1164 877 1249 significatio
893 1166 927 1229 in
940 1165 1001 1229 hac
1022 1163 1186 1229 locutione
1207 1162 1305 1246 longe

138 1267 301 1353 longeque
317 1291 414 1352 quam
428 1270 570 1353 reliquae
590 1271 842 1358 significationes
863 1272 964 1337 rarior
986 1271 1028 1337 sit
1049 1274 1082 1335 et
1103 1291 1175 1334 cum
1197 1269 1305 1352 cogito

137 1375 198 1440 hoe
212 1374 311 1456 locos,
327 1377 382 1459 qui
396 1377 548 1462 leguntur
561 1382 593 1440 Z
606 1385 674 1445 515.
690 1381 724 1440 K
737 1386 806 1446 454.
823 1402 843 1458 χ
858 1386 886 1460 9,
900 1402 968 1444 rem
983 1379 1070 1444 haud
1084 1375 1305 1462 praestiterim.

604 1583 834 1592 ——-

555 1795 703 1877 ’Ζῶμα,
727 1785 874 1880 ζωστήρ

420 1968 483 2010 ποτε
504 1946 587 2011 ιἰίουτ
607 1960 662 2023 eet,
685 1959 722 2010 at
744 1946 874 2030 quidam
888 1959 1017 2031 putant.

223 2103 366 2196 1177&
392 2109 509 2196 διπλῆ)
536 2105 589 2179 ὅτι
616 2105 754 2176 δοκοῦσί
779 2133 865 2187 τινες
889 2103 1009 2176 ταύτὸν
1032 2097 1118 2174 εἶναι
1137 2107 1230 2191 ζῶμα
1251 2106 1308 2173 καί

138 2215 304 2302 ζωστῆρα·
334 2210 394 2283 οὐκ
421 2212 491 2282 ἔστι
514 2213 564 2302 δέ,
590 2213 675 2283 ἀλλὰ
704 2217 797 2301 ζῶμα
822 2217 920 2283 καλεῖ
938 2214 976 2282 τὸ
1000 2211 1247 2300 συναπτόμενον
1267 2221 1307 2306 τῇ

135 2318 239 2412 μίτρᾳ
267 2325 358 2407 (haec
387 2328 449 2393 duo
471 2329 626 2394 vocabula
647 2330 687 2417 τῇ
707 2324 808 2416 μίτρᾳ
830 2328 976 2410 delenda)
1002 2318 1071 2391 ὑπὸ
1101 2322 1160 2390 τὸν
1188 2322 1308 2390 στοτόν

138 2425 291 2517 θώρακα,
310 2430 347 2498 τὸ
364 2429 401 2497 δὲ
415 2427 542 2513 ἔξωθεν
555 2431 693 2500 συνδέον
711 2429 821 2500 ποίντα
844 2435 1002 2520 ζωστῆρα.
1038 2434 1168 2500 Scilicet
1188 2434 1305 2499 loricae
1349 2511 1351 2514 .

136 2564 256 2608 aeneae
270 2541 393 2606 intral5
414 2542 545 2608 affixum
560 2547 609 2608 eet
623 2544 790 2630 cingulum
804 2545 882 2609 item
897 2566 1031 2609 aeneum
1047 2543 1134 2628 quod
1155 2565 1174 2606 a
1194 2545 1304 2606 ventre
1318 2511 1389 2643 (ἐξ)

136 2651 178 2715 ad
204 2672 310 2736 genua
336 2650 485 2734 pertinet.
527 2650 600 2716 Hoc
626 2652 790 2736 cingulum
820 2649 911 2734 ζῶμα
940 2656 996 2718 est.
1032 2651 1081 2716 Ea
1109 2652 1212 2735 parte,
1243 2672 1307 2733 qua

136 2758 201 2822 hoc
223 2757 388 2842 cingulum
410 2757 544 2823 loricam
565 2759 679 2845 tangit,
702 2759 820 2843 duplex
841 2782 895 2825 aes
915 2760 967 2824 vel
988 2758 1106 2843 duplex
1128 2757 1227 2822 lorica
1249 2761 1306 2834 est,

138 2862 279 2941 διπλοῦς
306 2855 432 2951 θώρηξ.
473 2865 622 2953 Denique
649 2851 739 2951 quod
757 2866 837 2931 illud
859 2866 1034 2950 cingulum,
1057 2867 1144 2950 quod
1164 2866 1306 2930 Homero

137 2978 188 3040 est
214 2971 320 3056 ζῶμα,
348 2995 422 3058 pare
448 2973 565 3038 loricae
593 2977 656 3055 est,
691 2974 794 3039 utitur
821 2974 919 3039 etiam
944 2973 1098 3039 vocabulo
1128 2970 1221 3053 ζῶμα
1248 2996 1306 3057 pro

135 3083 245 3150 lorica.
272 3122 312 3132 —
338 3081 511 3146 Vinculum
537 3082 624 3166 quod
651 3085 739 3146 extra
770 3081 900 3147 inicitur
925 3082 965 3146 ad
996 3081 1222 3146 continendam
1250 3082 1306 3146 ad-

137 3189 420 3275 stringendamque
434 3190 575 3269 loricam,
597 3193 646 3254 eet
661 3183 796 3276 ζωστήρ.
830 3189 918 3268 Quae
934 3189 1031 3254 etiam
1046 3183 1129 3274 ζώνη
1146 3189 1305 3254 ᾶὶοίλυτθθ.

136 3297 228 3363 Haec
249 3297 357 3362 omnia
379 3302 536 3382 quantum
557 3297 706 3381 equidem
726 3297 872 3383 intelligo
894 3297 1059 3363 verissima
1081 3301 1165 3362 aunt.
1198 3297 1306 3362 Testi-

135 3405 246 3470 monia
266 3405 421 3470 habemus
442 3405 530 3472 haec.

218 3513 251 3575 A
274 3516 331 3578 133
358 3503 438 3596 αὐτὴ
469 3504 500 3576 d'
526 3502 594 3576 αὖτ’
624 3507 740 3578 ἴθυνεν
769 3507 831 3577 ὅθι
859 3510 1024 3598 ζωστῆρος
1047 3504 1141 3597 ὀχῆες
1159 3507 1305 3599 χρύσειοι

204 3750 230 3790 ⁶4
247 3747 354 3802 Memor
376 3746 417 3800 rei
434 3746 574 3801 Planudee
591 3745 657 3802 dial.
675 3763 791 3816 gramm.
811 3764 855 3816 ap.
874 3746 988 3801 Bachm.
1007 3749 1105 3803 anecd.
1127 3748 1157 3804 Τ.
1175 3751 1247 3818 Hp.
1266 3754 1306 3804 84.

134 3864 169 3874 -
187 3831 315 3903 Apollon.
332 3831 385 3886 lex.
403 3830 437 3885 H.
456 3848 484 3900 p.
502 3834 551 3886 538
568 3831 689 3899 μέλλετε
707 3827 838 3897 ἐοίκατε,
855 3833 906 3887 καὶ
922 3825 1054 3887 καθόλου
1072 3831 1106 3888 τὸ
1124 3830 1242 3900 μέλλειν
1258 3832 1309 3888 ἐπὶ

135 3920 191 3973 τοῦ
212 3912 342 3972 ἐοικέναι
364 3909 417 3971 τὸν
438 3919 561 3986 ποιητὴν
582 3913 706 3972 τιθέναι.
743 3915 911 3971 Villoisonus
935 3917 1040 3987 explet:
1068 3915 1212 3986 φαίνεται.
1247 3916 1306 3986 Ego

135 4000 220 4056 fuisse
238 4000 405 4069 putaverim:
431 3999 447 4053 ὁ
465 3989 648 4070 Ἀρίσταρχος
664 4002 867 4069 σεσημείωται.

203 4088 229 4127 ⁶⁵
246 4085 299 4149 Sic,
317 4088 350 4140 ut
361 4084 480 4148 videtur,
500 4084 682 4139 Aristarchus.
708 4084 765 4138 Alii
784 4088 862 4140 extra
880 4085 995 4140 affixum
1013 4085 1110 4141 dicunt
1129 4090 1165 4155 (v.
1177 4086 1306 4157 Apollon.

135 4170 154 4226 l.
166 4169 200 4223 H.
219 4188 238 4223 s.
261 4171 343 4237 ζῶμα
360 4187 388 4239 p.
407 4167 551 4231 mairem
568 4169 630 4224 Hes.
651 4172 741 4237 ζῶμα,
762 4159 785 4242 ᾧ
803 4165 922 4226 ἐπάνω
941 4174 995 4227 τοῦ
1012 4164 1150 4243 θώρακος
1168 4171 1306 4242 ἐχρῶντο.

135 4253 213 4309 Nihil
228 4253 351 4309 interest.

203 4340 230 4381 ⁶⁶
246 4337 381 4408 Reliquae
409 4337 494 4394 etiam
520 4341 695 4410 vesterque
725 4339 836 4396 vinculo
864 4339 973 4411 corpori
1000 4341 1171 4410 adaptantur
1204 4340 1306 4395 dicitur

135 4426 252 4495 ζωστήρ
270 4426 299 4479 et
316 4417 400 4495 ζώνη.
429 4422 484 4480 Sed
501 4423 648 4480 mulierum
666 4442 775 4495 semper
793 4418 877 4496 ζώνη,
895 4425 1011 4481 Eumaei
1030 4427 1152 4494 ζωστήρ.
