3008 4980
661 309 684 360 3·
707 308 782 373 rora.
1247 310 1303 372 113

135 473 251 536 Hence
273 472 339 535 und
353 470 453 535 Beine
475 470 661 537 festhalten:
682 471 718 536 ll.
734 471 808 536 XIX
825 477 893 538 164.
912 477 978 538 169,
998 473 1066 539 385.
1098 468 1202 554 <XXII
1218 470 1303 554 448>

137 579 195 645 Od.
218 577 325 644 XVIII
347 584 394 646 88.
416 585 486 645 212.
529 577 643 662 Geuug
667 581 717 645 die
739 579 878 657 (dieder,
907 578 941 642 in
971 599 1006 642 so
1028 577 1104 642 weit
1121 577 1191 646 ,und
1212 577 1246 641 in
1268 599 1304 641 so

135 686 206 751 feru
237 687 282 751 sie
317 685 385 751 sich
417 686 572 772 bewcgen
601 688 667 751 und
697 687 838 752 Gelculre
867 687 934 750 und
964 683 1161 770 Spannkraft
1189 683 1304 762 haben,

135 794 264 858 werden
291 793 392 858 durch
419 794 474 858 das
495 792 592 858 Wort
618 794 819 872 bezeichnet3
850 817 885 859 so
915 795 986 859 dass
1013 816 1046 858 es
1075 792 1160 855 denn
1179 790 1304 855 freilich

135 899 173 966 ll.
195 898 299 964 XXIII
320 907 380 969 689
412 905 492 966 statt
518 893 690 965 πάντοθεν
717 897 753 965 ἐκ
778 897 906 984 μελέων
932 900 1022 965 nicht
1048 893 1148 982 γαίων
1176 899 1304 962 heissen

135 1009 257 1072 kduute
278 1008 344 1072 und
364 1010 445 1074 eben
465 1031 501 1073 so
523 1010 630 1095 wenig
650 1014 751 1075 unten
772 1014 860 1077 393.“
895 1008 958 1073 Hic
979 1008 1117 1093 primum
1138 1005 1193 1070 ille
1215 1006 1304 1070 locus

137 1116 192 1198 qui
226 1120 274 1180 est
301 1115 359 1181 Od.
387 1114 494 1181 XVIII
522 1122 583 1183 212
619 1118 687 1182 solo
725 1139 832 1183 errore
867 1117 1046 1201 adscriptus
1078 1119 1140 1180 est:
1176 1117 1241 1177 τῶν
1270 1106 1301 1176 d‘

137 1215 237 1287 αὐτοῦ
255 1215 333 1286 λύτο
349 1215 488 1306 γούνατ’,
510 1216 574 1308 ἔρῳ
590 1218 623 1287 d'
641 1218 706 1309 ἶν’ρα
725 1223 836 1307 θωμὸν
856 1218 1032 1304 έθελχθενε
1053 1224 1109 1308 qui
1124 1226 1173 1288 est
1187 1221 1303 1307 potius,

138 1334 172 1394 ut
193 1331 295 1408 vides,
321 1353 359 1395 ex
380 1331 460 1410 illis,
495 1331 611 1416 quibus
640 1334 811 1398 edocemur
838 1334 913 1417 γαῖα
941 1325 1085 1396 λύεσθαι
1108 1335 1140 1395 ct
1161 1322 1304 1412 γούνατα

137 1430 280 1501 λύεσθαι
306 1440 426 1523 pariter
452 1439 537 1523 apud
562 1443 692 1525 poetam
721 1443 790 1507 dici.
837 1441 901 1507 Sed
927 1441 981 1506 ille
1008 1444 1115 1504 tamen
1141 1437 1304 1522 proximus

137 1544 195 1611 Od.
217 1544 324 1611 XVIII
346 1551 385 1614 88
412 1570 469 1631 per
495 1569 529 1612 se
554 1548 623 1633 ipse
653 1549 747 1613 docet
769 1571 875 1635 genua
902 1572 959 1633 per
981 1549 1056 1632 γαῖα
1077 1545 1224 1610 iudicari:
1259 1533 1305 1619 άίς

137 1643 240 1736 φάτο,
265 1655 313 1738 τῷ
340 1646 371 1717 d'
401 1649 451 1718 έτι
474 1652 602 1737 μᾶλλον
626 1650 701 1720 ὑπὸ
727 1648 850 1740 τρόμος
875 1648 997 1739 ἔλλαβε
1018 1657 1101 1739 γοῖα.
1144 1653 1245 1717 Porro
1266 1651 1303 1716 il.

136 1756 210 1823 XIX
235 1764 294 1827 385
321 1763 396 1844 γαῖα
429 1762 578 1827 dicuntur
607 1758 731 1844 τρέχειν
756 1768 788 1829 et
815 1768 970 1848 tanquam
996 1764 1065 1828 alae
1093 1761 1233 1845 aIIquem
1259 1762 1305 1824 le-

135 1888 218 1932 vare.
258 1867 372 1933 Restat
398 1870 498 1956 igitur
506 1871 554 1913 ⁶⁰¹³
576 1869 613 1937 Π.
640 1870 713 1937 XIX
737 1879 912 1941 rar-169:
940 1872 996 1937 ubi
1022 1871 1131 1936 Ulixes
1157 1869 1306 1933 hortatur

136 1977 174 2037 ut
188 1977 360 2058 antequam
381 1977 541 2061 proelium
560 1979 671 2044 ineant
692 1981 799 2046 cibum
822 1984 950 2046 sumant
971 1978 1100 2044 milites.
1136 1976 1220 2041 Nam
1244 1974 1306 2039 cibi

136 2080 229 2145 miles
252 2104 363 2166 expers

260 2185 354 2276 ε’ίπερ
375 2190 437 2276 γὰρ
459 2194 560 2279 θυμῷ
581 2216 617 2278 γε
637 2193 797 2283 μενοινάᾳ
817 2190 1021 2276 πολεμίζειν,

262 2292 348 2363 άλλά
368 2323 404 2364 τε
425 2293 537 2390 λάθρῃ
559 2306 635 2387 γοῖα
656 2296 834 2390 βαρύνεται
853 2295 916 2388 ἥδέ
937 2293 1064 2382 κιχάνει

261 2401 348 2496 δίψα
368 2432 404 2472 τε
425 2407 482 2474 καί
503 2404 609 2494 λιμός,
632 2405 797 2495 βλάβεται
820 2406 858 2475 δέ
877 2434 913 2475 τε
934 2402 1062 2494 γούνατ’
1081 2401 1176 2472 ἰόντι.

138 2513 224 2594 Quid
247 2539 365 2600 quaeso
392 2519 498 2602 aptius
525 2523 557 2584 et
578 2521 660 2584 mori
682 2520 854 2586 Homerico
877 2518 1120 2585 convenientius
1142 2539 1239 2600 quam
1260 2516 1306 2580 di-

137 2646 220 2703 cere,
246 2626 413 2710 pugnanti,
441 2648 513 2691 cum
539 2628 622 2692 vires
651 2620 815 2706 deficiunt,
853 2629 917 2692 iam
949 2649 1016 2691 non
1047 2627 1159 2690 leviter
1194 2647 1307 2688 manus

137 2732 299 2816 pedesque
321 2735 443 2798 moveri
465 2736 521 2799 sed
544 2736 684 2821 graviter
705 2757 875 2822 genuaque
896 2736 1014 2800 labare.
1050 2733 1114 2800 Sed
1136 2732 1215 2797 cibis
1237 2754 1308 2795 cor-

137 2841 291 2906 roborato
309 2837 502 2924 θαρσαλέον
515 2832 597 2927 ιῖτορ
620 2839 668 2907 avt
690 2841 805 2928 φρεσίν
828 2836 906 2907 ούδέ
927 2865 960 2905 τι
981 2843 1057 2925 γυῖα
1079 2836 1157 2921 πρίν
1177 2832 1306 2921 κάμνει,

138 2943 217 3031 πρὶν
237 2940 366 3025 πάντας
387 2945 535 3034 ἐρωῆσαι
564 2947 741 3032 πολέμοιο.
787 2952 922 3017 Constat
947 2950 1048 3035 igitur
1074 2949 1108 3013 in
1129 2948 1308 3013 Homericis

138 3055 263 3121 nullum
277 3079 377 3121 unum
392 3081 461 3122 esse
476 3059 584 3123 locum
599 3060 676 3143 quin
695 3059 751 3123 illa
765 3058 958 3144 significatio
981 3057 1097 3120 ποδῶν
1117 3053 1174 3120 καί
1193 3058 1309 3138 χειρῶν

140 3164 304 3250 aptissuma
336 3165 386 3230 sit.
437 3165 534 3230 Illum
566 3167 696 3252 quidem
727 3190 855 3232 versum
885 3161 944 3229 καί
970 3160 1003 3230 οὶ
1030 3157 1099 3230 άπὸ
1128 3159 1308 3249 πραπίδων

138 3261 223 3356 ἦλθ’
250 3271 363 3356 ἵμερος
386 3266 445 3358 ἠδ’
475 3266 544 3338 άπὸ
570 3270 671 3359 γυίων
691 3298 750 3341 nec
770 3274 956 3340 Nitzschius
979 3273 1121 3338 defendit
1143 3295 1202 3338 nec
1222 3273 1308 3338 Bek-

138 3379 235 3444 kerus
257 3382 373 3459 tenuit3
394 3382 428 3446 in
451 3405 515 3467 quo
535 3384 600 3448 iam
621 3406 662 3448 ne
683 3383 740 3448 illa
762 3383 891 3467 quidem
914 3382 1046 3467 agilium
1067 3382 1118 3446 vel
1139 3380 1308 3445 mobilium

139 3489 354 3553 membrorum
376 3491 424 3555 vis
445 3492 580 3571 inesset,
608 3492 699 3556 cuius
721 3491 806 3576 apud
827 3491 1006 3555 Homerum
1026 3491 1105 3555 item
1127 3489 1309 3573 exemplum

139 3594 264 3659 nullum
291 3600 353 3675 est,
386 3599 443 3663 sed
475 3599 702 3679 immobilium,
733 3599 823 3664 cuius
850 3598 1023 3664 Homerica
1053 3597 1189 3683 egressis
1224 3598 1310 3681 apud

138 3701 314 3768 Pindarum
338 3709 394 3786 est,
416 3730 442 3773 e.
463 3727 493 3791 g.
516 3729 589 3773 cum
608 3707 751 3772 medicus
774 3710 823 3772 est
843 3706 995 3772 membris
1016 3705 1172 3786 invalidis,
1193 3699 1308 3790 γυίοις,

140 3802 334 3892 περιάπτων
367 3806 529 3899 φάρμακα
559 3815 652 3900 Pyth.
683 3799 730 3878 III
759 3821 808 3882 91.
843 3849 882 3858 -
917 3812 967 3895 (In
995 3813 1161 3878 Thesauro
1193 3835 1309 3897 operae

140 3920 280 4004 pretium
306 3925 374 3986 erat
399 3921 488 3987 locos
516 3922 663 3988 vocabuli
684 3921 919 4005 Empedoclcos
941 3925 1062 4001 notare,
1085 3943 1221 4005 quorum
1243 3921 1309 4005 pri-
1327 3930 1375 3981 114

140 4050 212 4092 mus
233 4051 262 4096 v.
284 4035 303 4096 3
326 4018 398 4094 εὖτέ
417 4052 469 4107 τις
490 4022 699 4117 ἀμπλακίῃσι
722 4022 815 4117 φόνῳ
838 4024 923 4116 φίλα
945 4032 1021 4113 γοῖα
1042 4022 1166 4115 μιήνῃ.)

208 4231 253 4273 6⁰1³
265 4229 393 4300 <Sextum
403 4229 495 4285 locum
504 4246 522 4283 a
531 4229 672 4284 Nitzschio
684 4233 938 4295 commemoratum,
950 4230 981 4284 X
984 4235 1042 4291 448,
1054 4227 1181 4283 Lehrsius
1190 4228 1310 4297 praeter-

141 4312 275 4383 suaerat.)

183 4451 289 4505 Lahir,
303 4452 439 4494 Arlrtarch.
656 4445 658 4448 ⁴
1085 4453 1100 4503 8
