3008 4980
201 323 258 384 140
286 313 322 370 II.
350 313 391 369 De
409 313 586 372 Aristarchea
602 315 801 370 vocabulorum
817 315 1028 372 Homericcrum
1043 314 1288 386 interpretatione.

199 474 230 546 δ’
255 473 408 567 ὀρχηστυῖ
427 479 485 548 καὶ
505 475 607 571 ἀοιδῇ
627 476 793 567 τέρποντ’·
814 475 880 570 ἤδη
902 481 963 568 μὰρ
986 480 1043 549 καί
1064 476 1219 573 ἐπήλυθε
1240 476 1370 549 δείελον

197 578 297 675 ἦμαρ.
333 589 421 656 Haeo
444 591 551 656 omnia
572 614 645 656 cum
667 592 834 657 considero
853 592 1039 658 Aristarcho
1060 592 1094 657 in
1114 585 1234 677 μολπή
1256 597 1369 658 cantus

198 695 466 782 significationem
491 698 672 766 excludenti
693 700 842 766 assentiri
863 700 986 767 dubito.
1015 698 1079 766 Sed
1099 699 1163 765 hoc
1177 699 1370 779 tenebimus,

196 795 314 890 μολπή
336 809 369 872 et
391 797 505 892 ἀοιδή,
530 801 726 888 μέλπεσθαι
747 810 781 873 et
802 798 929 871 ἀείδειν
948 829 1016 873 non
1037 828 1169 891 prorsus
1188 807 1278 872 idem
1292 829 1369 888 esse,

198 912 255 978 sed
276 912 321 978 sic
342 912 405 979 diei
427 917 556 979 cantum
578 917 737 998 quatenus
758 914 849 979 lusus
872 917 905 978 et
927 913 1096 979 delectatio
1119 918 1178 982 est.
1207 913 1280 980 Nec
1293 937 1368 982 sane

199 1022 248 1085 est
268 1041 326 1085 our
345 1043 411 1087 non
433 1021 527 1087 facile
549 1022 716 1087 credamus
735 1025 771 1087 ut
786 1042 825 1086 ex
838 1020 990 1087 ludorum
1003 1042 1121 1106 genere
1135 1022 1309 1107 praecipue
1323 1021 1368 1087 sio

198 1126 301 1193 dietis
323 1128 365 1194 sit
386 1128 495 1209 saltus,
516 1150 582 1195 uon
601 1129 681 1194 item
702 1128 765 1193 iam
786 1127 843 1193 illo
864 1132 1010 1214 tempore
1031 1129 1154 1195 dictum
1174 1129 1275 1196 etium
1297 1152 1366 1196 esse

198 1240 342 1316 cantum,
367 1257 427 1301 nec
452 1239 579 1301 tantum
604 1237 706 1319 vocis,
733 1236 790 1302 sed
814 1235 871 1301 ubi
896 1258 947 1301 res
970 1237 1094 1303 ferebat
1121 1237 1234 1303 fidium
1260 1237 1369 1316 etiam,

197 1343 248 1409 vel
272 1347 446 1428 utrumque
472 1343 688 1409 coniunctum.
737 1342 801 1409 Sed
817 1342 864 1429 ‚id
890 1364 957 1408 non
985 1344 1162 1424 credemus,
1189 1344 1369 1411 Homerum

197 1450 248 1515 his
269 1451 401 1517 vocibus
422 1451 471 1516 uti
492 1451 637 1536 potuisse
664 1449 849 1534 (quodiam
870 1451 955 1536 apud
977 1452 1118 1538 tragicos
1137 1453 1314 1537 reperitur,
1334 1456 1371 1519 ut

198 1557 418 1644 intelligamus
456 1580 624 1643 quousque
660 1558 700 1622 ab
737 1556 861 1643 origine
896 1581 954 1623 sua
981 1558 1136 1644 temporis
1163 1559 1268 1627 abusu
1294 1582 1369 1646 pro·

199 1685 328 1750 grassae
350 1665 427 1749 sint)
454 1705 495 1713 -
522 1665 561 1730 de
587 1668 684 1730 cantu
713 1664 811 1730 etiam
830 1664 969 1750 lugubri.
992 1701 1032 1713 -
1057 1660 1308 1752 Φιλοθρήνοισι
1332 1662 1369 1732 δὲ

134 1784 179 1835 111
198 1770 347 1852 μολπαῖς
376 1765 489 1836 αἴλινα
525 1774 652 1852 Φοῖβος
678 1763 770 1836 ἄειδε
795 1769 958 1836 Noumss
987 1777 1035 1840 81.
1083 1772 1232 1839 naeuos
1254 1773 1370 1863 μολπῇ

197 1880 240 1947 ib.
265 1886 333 1948 136.

278 1986 343 2054 Sed
369 1987 542 2053 videndum
569 2008 611 2051 an
636 1991 683 2052 ut*
698 1987 890 2053 substantivi
918 2010 988 2054 esse
1009 1988 1182 2068 credimus,
1205 1990 1253 2056 ita
1280 1990 1368 2057 verbi

198 2116 326 2179 quoque
347 2089 542 2177 μέλπεσθαι
564 2095 710 2180 exempla
731 2096 816 2180 apud
834 2095 1012 2162 Homerum
1034 2097 1108 2177 sint,
1130 2097 1280 2163 cantandi
1302 2097 1368 2182 sig·

197 2202 415 2268 nificationem
436 2203 641 2288 praestantia.
677 2201 766 2280 Quae
788 2204 816 2268 si
837 2225 903 2269 non
926 2208 1034 2270 esseut
1054 2205 1149 2271 nobis
1168 2206 1278 2290 potius
1293 2227 1368 2271 casu

197 2332 263 2375 non
285 2333 355 2376 esse
375 2311 555 2396 putandum
572 2314 666 2376 esset.
701 2310 907 2376 Aristarchus
927 2311 1029 2397 igitur
1045 2312 1108 2379 hoc
1122 2334 1189 2377 uon
1203 2311 1289 2377 tulit
1326 2311 1370 2378 Et

196 2420 235 2483 A
262 2425 322 2485 474
349 2417 442 2484 illum
472 2440 612 2498 versum,
640 2418 696 2483 ubi
725 2422 774 2483 cst
800 2413 985 2498 μέλποντες
1008 2413 1183 2503 Ἑκάεργον
1211 2421 1369 2500 „carmine

197 2525 423 2605 celebrantes“,
449 2526 592 2611 spurium
620 2547 689 2590 esse
716 2524 808 2590 facile
832 2526 1005 2606 credimus,
1034 2532 1066 2593 et
1087 2528 1223 2594 fortasse
1245 2551 1287 2594 ne
1308 2528 1368 2594 iste

198 2633 327 2717 quidem
349 2633 445 2700 solus.
481 2632 652 2698 Praeterea
672 2632 820 2697 feruntur
840 2632 905 2698 loci
926 2637 992 2698 tres
1006 2635 1058 2700 vel
1072 2634 1181 2720 potius
1197 2635 1271 2716 duc,
1283 2635 1369 2702 idem

197 2740 248 2805 bis
269 2743 298 2802 Σ
317 2747 386 2809 604.
406 2738 426 2803 δ
449 2748 495 2821 17,
514 2744 546 2806 et
568 2762 584 2801 ν
605 2746 654 2807 27.
690 2739 740 2805 Dc
759 2740 877 2824 quibus
898 2740 970 2806 vide
990 2739 1319 2809 Friedlaeuderum80.

204 3008 206 3015 y
265 2943 291 2984 8⁰
310 2940 387 3008 Quae
409 2940 485 3011 apud
502 2938 677 2996 Athenaeum
695 2939 721 2995 V
740 2945 763 2996 9.
783 2945 814 2995 10
832 2943 873 3012 (p.
893 2944 941 2996 180
958 2941 1013 3010 sq.)
1036 2940 1071 2996 de
1088 2939 1212 2996 versibus
1232 2943 1250 2996 d
1270 2946 1368 2999 15-19

200 3025 342 3090 dicuntur,
370 3023 560 3081 Aristarchum
581 3023 643 3080 illos
664 3023 821 3094 reliquisse,
850 3024 880 3079 in
907 3025 960 3080 hoc
986 3023 1056 3078 mihi
1079 3041 1155 3080 error
1177 3041 1234 3080 esse
1256 3024 1368 3082 videtur

199 3109 338 3166 Athenaei
355 3127 389 3165 cx
408 3108 493 3176 libro,
517 3125 601 3178 quem
623 3111 689 3164 ante
712 3109 805 3165 oculos
826 3109 961 3174 habebat,
986 3107 1163 3179 negligenter
1179 3109 1367 3165 exscribentis.

198 3194 240 3250 Ne
261 3193 332 3249 illud
353 3211 480 3264 urgeam,
503 3192 545 3248 ita
567 3210 631 3248 cum
652 3192 730 3262 loqui
751 3193 830 3262 quasi
850 3192 918 3250 istos
939 3211 1032 3249 versus
1054 3210 1148 3248 omncs
1169 3210 1205 3249 uc
1228 3193 1369 3251 invenerit

199 3278 312 3348 quidem
333 3277 374 3332 ibi
395 3277 570 3334 Aristarchus
591 3277 621 3331 in
647 3277 863 3348 exemplaribus,
890 3277 940 3334 sed
967 3276 1027 3349 ipse
1048 3277 1186 3335 intulerit!
1214 3277 1367 3344 vocabula,

199 3362 299 3433 quibus
310 3362 406 3429 utitur,
426 3365 635 3434 προσσυνῆψεν
652 3352 863 3433 ὁἍρίσταρχος
880 3365 909 3418 et
926 3356 1061 3433 ἐμβαλών
1071 3355 1254 3434 Ἀρίσταρχος
1273 3361 1316 3429 είς
1332 3358 1368 3420 τὸ

199 3448 365 3515 συμπόσιον
382 3436 433 3512 οὓς
450 3445 485 3504 οὐ
501 3449 632 3517 προσῆκε
649 3445 774 3515 στίχους,
792 3447 866 3501 certe
883 3445 957 3500 hanc
974 3445 1095 3517 speciem
1111 3448 1250 3517 praebent
1268 3447 1318 3514 ita,
1335 3450 1368 3503 ut

198 3533 347 3600 postquam
369 3529 532 3587 Eustathius
554 3530 731 3586 Athenaeum
757 3529 950 3600 exscripserat,
979 3548 1013 3586 ex
1034 3529 1182 3587 Eustathio
1209 3531 1311 3589 deinde
1337 3532 1368 3589 in

199 3614 304 3670 scholia
317 3615 346 3669 M
357 3615 380 3670 T
392 3615 429 3671 ad
442 3618 458 3670 δ
471 3621 502 3671 11
514 3633 558 3671 res
575 3613 683 3670 venerit
699 3614 752 3670 hoc
769 3614 865 3670 modo:
884 3619 958 3685 φασί
974 3614 1043 3680 τοὺς
1059 3609 1085 3686 γ’
1099 3616 1185 3687 (recte
1203 3615 1262 3672 sine
1279 3617 1366 3674 dubio

199 3700 357 3757 Dindcrfius
375 3699 465 3756 edidit
484 3694 516 3757 s':
537 3698 614 3758 llust.
633 3702 674 3772 (p.
695 3704 769 3766 1480,
791 3700 1043 3771 lampernessam
1062 3698 1130 3765 τοὺς
1146 3698 1234 3757 πέντε
1252 3700 1370 3773 στίχους

199 3786 332 3856 τούτους)
355 3787 471 3855 στίχους
492 3778 615 3849 τούτους
635 3787 675 3854 μὴ
699 3776 773 3838 εἶναι
790 3788 844 3839 τοῦ
858 3773 992 3856 Ὁμήρου,
1015 3776 1087 3841 ἀλλὰ
1108 3787 1162 3841 τοῦ
1177 3775 1368 3858 Ἀριστάρχου.

200 3869 280 3936 Quod
302 3869 450 3926 ridiculum
472 3873 521 3926 est.
543 3902 577 3910 -
598 3869 631 3924 In
649 3868 795 3924 Athenaeo
820 3867 909 3923 multa
926 3868 1022 3938 quaeri
1038 3870 1166 3941 possunt:
1193 3887 1216 3926 e.
1234 3889 1261 3941 g.
1280 3889 1330 3928 cur
1346 3888 1368 3926 c.

203 3961 233 4010 10
243 3971 337 4010 versus
349 3954 506 4011 scribantur
517 3972 574 4010 nou
586 3952 718 4024 quinque,
736 3951 785 4007 sed
796 3954 852 4007 tres
870 3951 976 4008 omissis
987 3952 1042 4008 illis
1056 3953 1132 4023 μετὰ
1149 3951 1182 4010 δέ
1199 3970 1270 4024 σφιν
1286 3952 1369 4024 ἐμέλ-

199 4056 272 4096 πετο
284 4043 368 4104 θεῖος
385 4030 486 4104 ἀοιδὸς
502 4041 665 4109 φορμίζων,
682 4036 724 4093 ita
740 4040 773 4092 ut
789 4037 825 4090 ab
837 4035 997 4093 Aristarcho
1016 4038 1146 4094 dicuntur
1163 4039 1294 4095 adornati
1311 4057 1369 4096 esse

177 4144 179 4148 ’
200 4127 230 4180 Σ
244 4129 302 4180 604.
337 4123 391 4180 Sed
413 4122 602 4179 confitendum
625 4125 668 4179 est
687 4119 867 4177 Aristoniccis
889 4138 1000 4192 quoque
1017 4123 1183 4179 scholiorum
1200 4123 1297 4195 paucis
1314 4124 1368 4179 illis

200 4209 291 4265 verbis
313 4209 416 4266 relictis
434 4208 470 4264 ad
488 4212 504 4264 δ
524 4213 569 4276 19,
591 4223 664 4279 quae
680 4223 764 4277 supra
783 4204 922 4277 exscripta
938 4207 1037 4275 habes,
1060 4227 1110 4265 nos
1133 4207 1222 4264 videri
1238 4209 1269 4264 in
1286 4207 1368 4265 devia

202 4292 274 4351 duci.
300 4295 433 4351 Attamen
449 4292 480 4348 id
496 4295 593 4350 tenere
608 4293 692 4358 soleo,
709 4308 767 4347 non
784 4306 842 4347 csse
859 4291 936 4362 quod
952 4310 1010 4351 non
1026 4293 1114 4364 possit
1132 4310 1197 4350 esse.
