3008 4980
215 358 275 421 348
509 347 542 401 V.
568 345 611 401 De
628 342 736 401 criticis
754 342 907 398 Aristarchi
923 341 1085 424 rationibus.

215 519 253 583 de
282 515 459 582 Herodiani
486 513 673 579 definitione
706 513 877 598 prosodiae
906 513 1065 578 disserens
1094 505 1297 598 ,μεροσῳδία
1318 507 1374 577 ἐστὶ

214 620 301 690 ποιὰ
322 617 417 699 τάσις
436 615 667 706 δμγραμμάτου
687 623 826 708 φωνῆς’(
848 643 916 686 non
935 622 1072 707 negligit
1093 622 1227 687 addere:
1249 616 1284 685 ἒν
1302 620 1375 687 πολ

215 731 286 808 λοῖς
307 727 344 795 δὲ
363 724 513 813 βιβλίοις
533 722 719 813 εὑρίσκεται
740 724 798 792 καὶ
818 722 923 815 ὑγιής.
961 728 1031 795 Nec
1044 729 1241 795 Eustathius
1255 751 1324 795 raro
1342 727 1376 793 τὰ

214 836 346 903 τιαλαιὰ
369 830 557 924 ἀντίγραφα
580 841 817 903 commemorat.
852 835 897 901 Et
917 837 1074 902 habemus
1088 837 1176 902 inter
1191 836 1378 921 Byzantinos

215 948 270 1037 qui
298 945 447 1012 omnibus
477 944 595 1029 quibus
623 967 673 1009 ars
704 945 814 1010 critica
841 945 1016 1011 exercenda
1038 949 1088 1010 cst
1109 945 1203 1030 quasi
1226 946 1380 1030 exemplar

213 1055 351 1140 proponi
378 1053 494 1138 possit,
521 1051 731 1137 Stephanum.
780 1052 874 1130 Quod
900 1075 996 1118 nemo
1023 1053 1079 1137 qui
1106 1052 1200 1117 illum
1221 1051 1381 1138 egregium

214 1161 459 1249 grammaticum
472 1160 638 1246 cognitum
651 1161 750 1226 habet
765 1160 904 1226 dubitat:
924 1159 987 1225 alia
997 1160 1143 1244 exempla
1157 1159 1245 1225 iufra
1257 1182 1382 1246 ponem:

214 1292 317 1336 unum
337 1270 400 1336 hoc
420 1269 506 1334 looot

293 1368 507 1457 Ἀνακτόριον
520 1377 555 1441 in
569 1399 663 1442 versu
678 1375 849 1460 Sophoclis
864 1376 910 1441 ait
923 1375 1109 1462 Eugenium
1130 1398 1190 1462 por
1212 1376 1383 1462 diphthon-

215 1509 293 1572 gum
314 1485 491 1571 scripsisse:
513 1477 603 1549 ἔοικε
624 1475 655 1546 δ’
673 1475 842 1565 άμενεῖ2491
864 1478 1108 1569 ἐντετυχηκέναι
1129 1478 1271 1571 βιβλίῳ·
1293 1477 1384 1569 ἡμεῖς

215 1591 277 1678 γὰρ
300 1590 358 1657 διὰ
378 1593 438 1658 τοῦ
460 1615 473 1656 ι
496 1585 643 1675 εὕρομεν.

298 1701 442 1779 Quorsus
456 1722 552 1784 porro
567 1700 731 1784 pertinent
750 1699 1033 1786 grammaticorum
1055 1700 1205 1785 querelae
1228 1700 1269 1765 de
1290 1699 1384 1763 libra·

150 1816 200 1868 354
217 1809 338 1876 riorum
360 1807 563 1892 corruptelis,
594 1812 631 1876 ut
651 1808 864 1884 Philemonis,
894 1807 1075 1887 Strabonis,
1108 1807 1223 1873 Geloni
1247 1806 1384 1888 (Villois.

215 1917 336 1982 Auccd.
359 1914 391 1980 H
405 1940 437 2001 p.
454 1920 521 1983 136.
556 1913 653 1980 Beck.
677 1937 760 2001 spec.
783 1916 894 1980 histor.
917 1915 995 1980 bibl.
1018 1915 1107 1982 Alex.
1129 1938 1160 1999 p.
1179 1919 1255 1999 23)?
1284 1914 1385 1993 Quor·

216 2046 288 2089 sum
313 2024 499 2090 institutum
525 2024 591 2085 τῶν
618 2020 837 2106 διορθιοταίνθ
866 2020 972 2088 Schol.
999 2022 1096 2089 Dion.
1124 2045 1157 2107 p.
1181 2027 1258 2103 736,
1280 2028 1301 2091 8
1321 2018 1384 2106 πρὸ

215 2127 362 2215 μὲνγὰρ
389 2132 450 2194 τοῦ
478 2121 650 2213 άρξασθαι
675 2123 914 2214 ἀναγινώσκειν
942 2122 960 2193 ὁ
992 2125 1185 2215 διορθωτὴς
1206 2122 1385 2214 λαμβάνων

134 2244 206 2316 (371)
216 2236 255 2305 τδ
270 2232 403 2322 βιβλίον
425 2235 626 2319 διορθοῦται
641 2230 733 2315 αὐτό,
756 2234 869 2324 ἵναμὴ
888 2232 1109 2313 ἒπταισμὲνον
1124 2231 1205 2303 αὐτὸ
1227 2230 1387 2322 ἀναγνοὺς

217 2339 235 2412 δ
264 2341 337 2423 νέος
362 2338 409 2423 εἷς
431 2342 538 2433 κακὴν
567 2340 635 2424 ἕξιν
661 2341 797 2434 ἐμπέσῃ.
848 2347 895 2413 Of.
923 2351 998 2425 688,
1023 2351 1062 2413 31
1091 2335 1162 2408 εἶτα
1188 2342 1250 2432 τὴν
1278 2338 1386 2410 αἰτίαν

217 2446 418 2531 άιιοδιδοός,
449 2445 490 2518 δι’
518 2442 560 2538 ἣν
589 2445 627 2518 οὐ
650 2447 783 2518 τίθεται
804 2456 860 2517 νῦν
886 2449 943 2517 ε’τιί
965 2446 1075 2540 πάσης
1095 2448 1302 2540 σνλλαβῆςὴ
1325 2456 1386 2537 βα-

216 2565 299 2643 ρεῖα,
325 2556 424 2650 φησίν
447 2559 526 2639 ,,ἵνα
543 2557 590 2647 μὴ
605 2553 920 2646 καταχαράσοωνται
934 2557 975 2626 τὰ
997 2555 1125 2644 βιβλία,
1148 2562 1248 2627 τοῦτο
1270 2564 1327 2626 νῦν
1348 2554 1384 2626 ori

216 2663 376 2755 ylvsccs‘t
421 2660 708 2752 ἐπιλαμβάνονται
735 2664 772 2733 δὲ
798 2665 922 2734 πολλοί
945 2670 1005 2733 τοῦ
1029 2671 1179 2748 τεχνικοῦ
1205 2663 1264 2734 καί
1285 2691 1388 2758 φασιν

216 2770 343 2845 ὅτιούκ
359 2770 481 2861 εόλομα
503 2763 597 2842 δοκεῖ
617 2773 738 2861 λέγειν·
761 2773 846 2841 κατὰ
868 2773 929 2860 γὰρ
950 2778 1067 2841 τοῦτον
1088 2773 1146 2844 τὸν
1168 2768 1270 2862 λόγον
1291 2775 1387 2845 καὶὸ

215 2879 318 2971 εὑρὼν
340 2879 549 2972 ἐσφαλμένον
569 2879 704 2969 βιβλίον
726 2878 787 2950 οὐκ
808 2876 939 2971 ὀφείλει
960 2886 1057 2950 τοῦτο
1081 2887 1313 2968 διορθοῦσθαι
1335 2882 1390 2951 καί

216 2989 302 3074 ξὲειν
322 2992 363 3058 τὰ
385 2994 496 3070 κακῶς
516 2988 694 3080 γραφέντα,
720 2985 793 3056 ἄλλ’
810 2990 869 3057 ἐάν
891 2985 1115 3077 ἀδιόρθωτον,
1139 2992 1193 3057 ἵνα
1209 2990 1257 3080 μὴ
1276 2990 1317 3059 τδ
1339 2996 1390 3077 βι-

214 3097 310 3184 βλίον
331 3095 476 3178 άκαλλές
496 3123 531 3165 τε
552 3095 657 3188 ὁρῷτο
679 3094 737 3164 καί
749 3123 824 3164 τινα
838 3094 964 3185 τρόπον
986 3092 1115 3183 άμοχὰς
1128 3093 1300 3183 ξεσμάτων
1315 3097 1389 3167 ἕντι-

217 3204 408 3298 φερόμενον.
451 3209 582 3276 Sueton.
603 3209 724 3274 Domit.
748 3215 787 3277 20
813 3208 989 3289 „Liberalia
1016 3209 1124 3274 studia
1144 3209 1274 3294 imperii
1294 3209 1389 3274 initio

215 3317 366 3404 neglexit,
388 3340 583 3402 quamquam
604 3317 815 3382 bibliothecas
836 3316 986 3382 incendio
1008 3317 1196 3403 absumptas
1216 3317 1389 3402 impensis·

216 3426 296 3490 sime
317 3448 464 3510 reparare
487 3429 643 3505 curasset,
665 3424 900 3509 exemplaribus
922 3424 1073 3508 undiquc*
1086 3423 1197 3510 petitis
1218 3423 1390 3509 missisque

215 3532 441 3598 Alexandriam
472 3534 528 3618 qui
559 3532 776 3599 describerent
802 3533 1100 3616 emendarentquc“.
1151 3530 1390 3611 Describerent,

217 3639 340 3724 opinor,
362 3662 499 3724 quorum
518 3643 711 3727 exemplaria
724 3641 847 3708 Romae
869 3641 1010 3706 nancisci
1032 3662 1099 3705 non
1119 3639 1258 3724 poterat,
1279 3661 1390 3705 omen·

217 3748 329 3812 darent
351 3770 487 3832 quorum
508 3771 575 3815 non
597 3748 675 3816 satis
696 3748 790 3815 bona.
829 3749 923 3827 Quod
944 3749 1011 3813 illic
1032 3749 1066 3813 in
1089 3747 1219 3813 scholiis
1240 3746 1390 3832 Dionysii

217 3855 338 3920 dictum
359 3856 497 3922 vidimus
519 3855 573 3922 ἵνα
593 3854 640 3944 μὴ
657 3852 974 3940 καταχαράοοωνται
989 3853 1030 3919 τὰ
1046 3848 1164 3938 βιβλία
1178 3855 1266 3920 idem
1280 3853 1390 3921 Ioann.

216 3962 307 4027 Alex.
330 3986 360 4047 p.
381 3969 400 4031 6
420 3964 497 4030 dicit
518 3961 576 4030 διὰ
598 3962 636 4031 τὸ
657 3962 703 4052 μὴ
728 3958 935 4044 καταστίζειν
955 3962 997 4028 τὰ
1019 3956 1146 4048 βιβλία.
1182 3962 1270 4028 Hinc
1291 3963 1389 4048 expli·

217 4075 308 4136 catur
335 4071 413 4155 quid
440 4072 483 4137 sit
511 4065 643 4156 άοτιγὲς
673 4067 807 4155 βιβλίον
835 4073 921 4158 apud
947 4073 1059 4158 Steph.
1084 4071 1158 4156 Byz.
1186 4093 1211 4136 s.
1238 4062 1389 4155 Βάβραςε

284 4325 336 4365 24⁹⁸
354 4321 440 4392 <Vide
452 4339 527 4378 nunc
538 4322 710 4378 Meinekium
728 4323 765 4377 ad
782 4322 809 4379 h.
828 4322 855 4387 l.,
873 4322 922 4391 qui
940 4323 1068 4378 codicum
1080 4319 1132 4376 RV
1142 4319 1294 4377 lectionem
1307 4313 1385 4375 άστι·

216 4416 266 4479 γεῖ
280 4405 435 4480 praetulit.)
