3008 4980
218 302 278 363 256
663 296 710 355 IV.
733 296 775 352 De
792 296 930 368 prosodia.

218 460 276 543 dit)
302 461 461 526 videbitur
488 461 640 546 deceptus
670 486 739 530 esse
767 488 805 531 eo
830 466 902 530 looo
930 463 987 548 qui
1012 465 1062 527 est
1087 461 1141 528 Et
1161 460 1211 528 M.
1234 467 1310 541 567,
1335 462 1388 527 ubi

217 565 436 652 negligentius
447 568 631 653 inspicienti
639 570 733 636 facile
741 572 843 637 videri
853 573 963 655 potest
975 569 1015 633 de
1026 569 1234 635 nominativo
1242 568 1387 653 praecipi.

298 673 351 738 Ad
378 675 609 759 syneodromen
630 678 771 763 pertinet
793 675 954 764 ζαφελιῦς.
997 675 1072 743 soh.
1093 672 1114 754 ζ
1133 680 1197 743 330
1217 668 1386 761 Ἀρίσταρ-

215 802 273 860 χος
292 784 442 868 περισπᾷ
460 780 498 847 τὸ
522 780 683 870 ζαφελῶς,
707 782 764 849 καί
785 780 891 861 οὕτως
911 778 1143 868 ἐπεκράτησεν.
1176 775 1252 847 ἔδει
1273 776 1312 847 δὲ
1330 784 1385 865 βα-

217 881 365 969 ρατόνως.
401 888 519 956 Ηειοά
541 912 591 974 ap.
612 889 700 957 Ioan.
722 891 814 958 Alex.
831 897 881 974 39,
903 896 941 961 18
963 887 1058 975 παρὰ
1076 886 1114 955 τὸ
1139 881 1292 975 (doulos
1311 912 1384 973 ⁷10st

216 990 483 1079 παροξυνόμενον
512 990 645 1083 ὀφείλει
669 995 726 1063 καί
750 997 789 1065 τὸ
816 997 969 1088 ζαφελῶς
989 991 1158 1083 ἐπίρρημα
1178 989 1385 1081 βαρύνεσθαι

217 1097 262 1180 (ἐς
276 1096 347 1169 ἀπὸ
368 1106 428 1168 τοῦ
450 1098 574 1182 ζάθεος
595 1101 741 1182 ζαθέας·
762 1099 800 1171 orl
825 1099 887 1191 γάρ
910 1103 980 1171 ἐστι
1000 1101 1095 1189 παρὰ
1115 1106 1163 1189 τῷ
1182 1105 1313 1193 ποιητῇ
1333 1099 1385 1183 ζα-

218 1206 330 1298 φελής.
363 1205 508 1275 δείκνυσι
531 1207 568 1276 δέ
584 1204 808 1297 Ἡρωδιανός,
832 1208 878 1291 ὡς
899 1208 952 1277 ὅτι
973 1210 1058 1277 κατὰ
1079 1208 1313 1299 σανεκδρομὴν
1331 1212 1385 1277 τοτ’·

217 1310 348 1401 ἀμελῶς
368 1315 425 1383 καὶ
442 1314 576 1395 ἐντελῶς
596 1315 833 1407 περιεσπάσθη
854 1318 893 1386 τὸ
915 1318 1075 1408 ζαφελῶς.
1112 1318 1285 1385 Habemus
1305 1319 1385 1385 idem

215 1428 249 1490 in
270 1427 420 1511 prosodia
441 1427 598 1494 ad151o
620 1427 905 1508 (venitetinllt.
926 1428 970 1496 M
991 1433 1062 1509 408,
1083 1429 1146 1510 20).

135 1567 241 1659 (268)
303 1529 479 1621 Ταρφειαί
513 1530 667 1617 θαμειαί
704 1541 736 1598 'l
752 1542 813 1603 357
834 1530 1009 1623 ταρφειαίι
1027 1527 1245 1662 Ἀρίσταρχος
1265 1526 1386 1618 ἀνέγνω

217 1634 262 1718 ὡς
282 1637 414 1712 πυκναί
449 1636 553 1718 οὕτως
574 1638 611 1706 δέ
633 1639 689 1707 καὶ
711 1665 729 1707 o
717 1635 1004 1728 (Ασκαλωνίτης
1030 1665 1088 1707 και
1079 1634 1305 1727 ἐπείσθης
1283 1665 1305 1728 η
1326 1662 1387 1705 πα·

217 1742 362 1834 ράέοσις.
403 1753 442 1814 A
463 1756 502 1818 52
525 1749 686 1831 ἀαμειαίε
716 1745 902 1840 Πάμφιλος
922 1751 1068 1833 θαμεῖαι
1087 1741 1226 1834 λέγει(
1200 1771 1249 1826 ως
1270 1742 1385 1829 ὀξεῖαι,

213 1850 425 1940 Ἀρίσταρχος
447 1852 528 1922 δέ
504 1882 549 1935 ως
568 1853 727 1923 πακιναί·.
751 1852 876 1940 ὁμοίως
903 1854 940 1924 δέ
957 1855 1022 1924 ’καί
1049 1854 1087 1922 τὸ
1108 1878 1275 1943 ταρφειαι
1267 1854 1386 1943 '<B1.>.

216 1964 289 2029 Hoo
303 1987 369 2030 non
384 1987 458 2031 casu
472 1965 538 2031 fact
523 1969 602 2045 tum,
625 1966 734 2050 quod
725 1990 759 2031 m
777 1966 837 2032 hoo
860 1966 1021 2032 anomalia
1040 1965 1105 2031 istu
1125 1964 1190 2030 duo
1212 1949 1388 2031 oonoinuirt

218 2094 299 2155 quae
314 2073 544 2138 concinuntm
513 2073 814 2158 significatione.
850 2073 940 2160 Ergo
961 2073 1107 2160 persuasi
1127 2072 1209 2137 mihi
1231 2071 1388 2157 (quumvis

216 2180 355 2264 primum
369 2182 511 2247 audienti
485 2182 643 2247 tmirum
659 2182 761 2247 videri
775 2182 881 2267 possit
892 2184 947 2265 164)
969 2185 1027 2246 aut
1039 2181 1119 2245 haec
1133 2180 1264 2245 etiamsi
1285 2179 1388 2244 adies·

217 2288 283 2353 tive
305 2289 371 2353 sint
390 2292 498 2354 tamen
520 2291 776 2376 propter1psam
798 2289 1069 2375 significationem
1090 2287 1276 2352 crebritatis
1293 2308 1329 2352 se
1348 2286 1388 2351 ol

216 2397 347 2461 nomina
373 2397 544 2482 perieotioa
568 2398 603 2462 in
632 2393 668 2462 ιά
694 2398 965 2476 accommodasse,
991 2398 1047 2460 aut
1073 2394 1162 2479 quod
1191 2394 1390 2481 singularem

219 2526 284 2569 ιιοιι
305 2505 440 2586 hubent,
469 2506 510 2571 ad
531 2506 594 2571 aliu
614 2504 752 2590 pluralia
773 2504 887 2569 similis
907 2504 1029 2569 formae
1051 2502 1243 2584 accessisse,
1265 2494 1389 2587 ἀγυιαί,

218 2606 400 2697 Πλαταιαί,
422 2605 581 2697 Αάγειαί.

301 2722 365 2788 Sed
384 2715 532 2806 μητίετα,
555 2714 714 2804 εὐρύοπα,
740 2713 889 2806 ἀκάκητα
914 2720 992 2803 qnid
1013 2741 1180 2785 commune
1202 2718 1336 2799 hebent,
1354 2722 1390 2785 ut

219 2830 331 2895 eodem
354 2830 451 2895 modo
476 2829 589 2915 regule
616 2829 852 2896 eximerentur?
887 2827 1064 2893 Commune
1089 2826 1168 2906 hoo,
1198 2828 1290 2911 quod
1315 2830 1390 2892 sunt

218 2941 370 3021 quattuor
387 2938 580 3023 syllabarum
595 2938 695 3022 (quod
711 2960 748 3002 ex
763 2936 942 3002 Homericis
956 2938 1122 3019 praeterea
1137 2934 1224 2999 cadit
1237 2934 1274 2998 in
1288 2956 1389 2999 unum

217 3039 402 3131 ἱππηλάτα)
429 3049 461 3110 et
489 3046 576 3129 quod
596 3045 738 3110 Deorum
758 3045 908 3129 epitheta.
952 3042 1041 3130 Ergo
1070 3045 1098 3107 si
1125 3063 1222 3107 causa
1246 3040 1388 3127 intelligi

217 3157 325 3237 potest
350 3175 406 3218 our
432 3154 552 3218 dietum
583 3152 626 3218 sit
651 3146 788 3238 μητίετα
818 3156 863 3235 (et
889 3156 1034 3217 veterum
1065 3149 1271 3233 quorundum
1298 3149 1388 3227 ratio,

218 3260 339 3325 dietum
364 3283 433 3327 esse
457 3283 516 3344 pro
541 3262 674 3347 μητῖτα,
701 3260 878 3344 probabilis
907 3260 976 3325 viss
1002 3258 1070 3323 viro
1100 3257 1307 3337 doctissimo,
1334 3256 1387 3341 qui

218 3367 322 3447 hodie,
344 3369 431 3452 quod
445 3368 513 3433 sine
533 3369 721 3452 cuiusquam
743 3367 919 3433 offensione
942 3367 1005 3431 dici
1026 3370 1143 3451 potest,
1162 3366 1197 3429 in
1218 3364 1271 3429 his
1293 3364 1387 3430 rebus

218 3476 305 3540 solus
325 3476 421 3560 videt,
441 3476 612 3556 Lobeokio,
635 3477 674 3542 de
696 3477 808 3542 adieot.
831 3476 974 3540 motione
996 3473 1145 3539 anomala
1166 3473 1240 3538 diss.
1262 3470 1341 3558 Hp.
1357 3480 1388 3538 4:

153 3603 201 3654 260
218 3606 247 3648 v.
267 3605 353 3648 nuno
374 3585 560 3669 paralipom.
582 3608 612 3669 p.
629 3587 711 3666 184),
733 3583 930 3667 reliquorum
951 3583 1079 3648 miratio
1099 3580 1239 3648 tollitur.
1274 3586 1315 3645 A
1333 3586 1387 3648 115

216 3795 273 3862 καί
288 3794 541 3886 ἐπεκράτησενὴ
566 3792 758 3883 ἀνάγνωσις.
787 3795 844 3863 καί
863 3792 946 3876 ἴσως
966 3790 1178 3879 πλεονασμός
1197 3791 1269 3861 ἐστι
1289 3798 1350 3862 τοῦ
1364 3817 1387 3863 ε.

217 3910 256 3969 Π
275 3912 333 3975 185
352 3899 519 3993 ἀκάκηται
537 3901 749 3992 Ἀρίσταρχος
768 3900 1033 3991 ιιρσπαροξάνει·
1061 3899 1093 3970 ol
1118 3900 1155 3968 δὲ
1176 3896 1277 3970 ἀλλαι
1299 3904 1388 3989 (Ρ1ο-

217 4014 374 4080 Ιειιιιιειιιιι
397 4014 488 4098 dicit,
515 4014 767 4101 Tyrannionem,
788 4013 1005 4098 Pamphilum)
1032 4006 1198 4100 ἀναλογία
1222 4009 1389 4096 πειθόμε-

217 4146 271 4189 νοι
284 4125 569 4210 προπερισπῶσιν.
605 4119 749 4209 ἐπείσθη
769 4118 806 4187 δέ
826 4117 847 4207 ἡ
872 4119 1060 4205 παράδοσις
1080 4121 1282 4208 (Aristarcho
1303 4120 1388 4188 haud

219 4300 427 4313 ‘tneo—-

286 4380 428 4437 1641ιοὶ(11
445 4380 569 4453 primum
585 4382 683 4452 legens
700 4382 784 4439 sohel.
802 4384 829 4438 Ε
845 4389 902 4438 502.
