3008 4980
221 295 278 357 128
309 288 343 341 H.
369 287 410 341 De
427 287 604 341 Aristarchea
620 283 817 340 vocabulorum
835 282 1047 338 Homericorum
1064 283 1313 354 interpretatione.

217 454 305 521 Num
332 447 465 534 ἀέξεται
485 448 575 539 ἱερὸν
594 443 685 539 ἦμαρ
709 452 771 517 dici
791 455 899 536 potest
921 452 959 516 de
979 455 1124 535 tempore
1144 453 1390 537 pomeridiano?

217 601 258 610 —-
280 585 474 649 quamquam
496 564 530 626 in
551 564 613 627 hoc
633 563 704 646 ipso
726 560 805 625 levis
826 559 936 625 Vossii
956 559 1044 624 fraus
1065 563 1120 638 est,
1142 560 1285 626 debebat
1307 562 1389 626 euim

219 672 323 736 dicere
345 676 472 756 tempus
493 671 724 754 vespertinum,
759 668 799 732 ad
826 667 914 751 quod
939 666 1045 732 solum
1072 667 1160 732 ducit
1187 660 1332 751 δόρπον.
1352 706 1389 715 -

216 777 285 844 lmo
313 800 415 861 usque
444 779 484 843 ad
509 777 687 843 meridiem:
728 776 758 839 Θ
779 780 818 842 66
845 766 935 861 όφρα
956 770 1016 855 μέν
1041 765 1112 859 ἠὼς
1135 763 1254 859 ἦνκαὶ
1276 767 1388 854 άέξοτο

217 881 305 968 ἱερὸν
318 876 420 970 ἦμαρ,
435 939 442 952 .
459 938 466 952 .
483 938 489 951 .
506 934 514 949 .
535 875 622 970 ἦμος
639 876 670 946 δ’
686 875 803 968 ἠέλιος
815 876 920 964 μέσον
937 874 1078 966 οὐρανὸν
1093 872 1328 969 ἀμφιβεβήκει
1342 924 1388 951 -.

216 992 405 1058 Rectissime
442 993 556 1058 statuit
581 991 795 1056 Aristarchus,
841 989 905 1054 Hic
934 990 1024 1054 cibus
1052 990 1266 1076 significatur,
1296 1012 1388 1074 quem

218 1102 353 1186 operarii
369 1102 452 1166 circa
465 1100 631 1164 meridiem
652 1103 791 1178 sumunt,
813 1098 869 1182 qui
890 1098 976 1163 idem
998 1098 1189 1163 describitur
1209 1099 1245 1162 in
1265 1120 1387 1164 messo-

216 1209 306 1273 ribus
331 1212 360 1271 Σ
384 1215 453 1276 560.
504 1208 593 1294 Ergo
619 1212 669 1271 ter
695 1207 802 1271 cibum
830 1209 963 1270 sumunt
989 1205 1139 1289 operarii:
1176 1228 1270 1271 mane
1298 1209 1387 1271 ante·

217 1339 314 1400 quam
341 1317 436 1380 domo
465 1319 583 1381 exeunt
613 1318 652 1397 (π
679 1318 724 1396 2),
756 1318 827 1378 tum
855 1315 941 1378 inter
967 1334 1080 1398 operas
1106 1313 1189 1377 circa
1215 1313 1387 1392 meridiem

218 1425 355 1507 denique
388 1423 518 1488 domum
551 1422 671 1488 reversi
699 1415 838 1505 δόρπον,
878 1420 965 1506 quod
996 1425 1030 1486 et
1056 1443 1095 1485 ex
1121 1420 1260 1505 Cyclope
1290 1426 1325 1486 et
1351 1442 1387 1485 ex

216 1533 400 1615 pastoribus
414 1530 549 1596 Eumaei
570 1529 712 1615 intelligi
733 1533 850 1614 potest.
886 1528 976 1615 Ergo
991 1531 1055 1593 iam
1079 1533 1166 1595 recte
1181 1528 1386 1594 Aristarchus

217 1641 342 1722 stabnt,
372 1635 425 1703 ότι
455 1635 524 1721 τρὶς
552 1634 681 1724 τροφὰς
712 1629 901 1718 ἐλάμβανον
933 1630 966 1700 οἱ
989 1633 1097 1722 ἥρωες
1123 1638 1154 1718 (i.
1184 1659 1209 1703 e.
1239 1636 1387 1701 homines

217 1747 330 1811 aetatis
351 1745 564 1828 Homericae).
613 1744 698 1810 Nam
725 1745 763 1809 de
790 1744 944 1829 operariis
972 1748 1057 1810 certe
1081 1766 1192 1809 verum
1214 1765 1286 1808 esse
1307 1743 1387 1808 vidi·

216 1876 296 1919 mus.
319 1853 449 1936 Reliqui
476 1857 508 1917 et
530 1875 678 1937 proceres
701 1852 830 1937 quando
852 1876 911 1919 nec
937 1854 1046 1918 statim
1072 1853 1112 1918 ab
1136 1856 1209 1917 ortu
1231 1852 1309 1917 solis
1332 1873 1384 1916 ne·

217 1961 363 2045 gotiau
330 1962 363 2040 (ιι
364 1960 573 2042 tconciones,
593 1962 721 2045 itinera)
746 1985 806 2027 nec
827 1961 865 2026 de
882 1962 932 2026 die
947 1960 1093 2026 convivia
1113 1960 1282 2024 instabant
1303 1958 1387 2024 idem

217 2068 318 2132 secuti
336 2068 446 2132 vident
446 2091 528 2147 ur,u
507 2068 691 2133 utAchillis
707 2068 894 2147 ιοδιιΙιι,Ω
912 2075 979 2135 124
1013 2068 1048 2134 Si
1065 2071 1176 2132 contra
1191 2071 1241 2132 est
1226 2067 1387 2150 tnullum

217 2167 385 2239 sumunt'
371 2167 521 2257 άριστον,
556 2178 611 2240 sed
641 2174 836 2240 deinvovt
803 2179 836 2242 et
858 2167 992 2259 δόρπον.
1033 2174 1071 2240 In
1092 2174 1176 2240 bello
1199 2197 1274 2239 cum
1294 2196 1387 2239 mane

217 2285 335 2346 exeunt
361 2304 420 2347 nec
447 2287 553 2348 totum
574 2305 633 2367 per
653 2284 736 2348 diem
756 2283 890 2348 redituri
916 2288 1005 2366 sunt,
1030 2283 1139 2348 statim
1166 2282 1272 2366 primo
1293 2304 1387 2347 mane

216 2390 337 2454 iustum
357 2392 528 2475 prandium
550 2395 695 2470 sumunt,
717 2393 804 2476 quod
824 2396 893 2456 tum
915 2395 1001 2456 recte
1024 2391 1141 2456 dicitur
1164 2388 1309 2454 δεῖπνον.
1352 2388 1389 2454 ld

216 2499 342 2581 saepius
368 2498 405 2562 fit
431 2498 466 2563 in
485 2497 595 2562 Iliade.
640 2499 762 2565 Eadem
789 2522 839 2564 res
868 2503 928 2580 est,
955 2521 1028 2563 cum
1055 2497 1267 2563 Telemachus
1293 2519 1388 2561 mane

135 2619 205 2687 (134)
217 2605 279 2668 iter
300 2606 450 2690 capessit,
478 2629 496 2670 o
520 2614 568 2673 77.
591 2643 631 2652 —
653 2607 741 2671 Haec
768 2607 795 2670 si
817 2607 960 2689 sequeris
987 2629 1087 2671 unum
1112 2605 1255 2670 invenies
1280 2604 1389 2669 locum

153 2731 200 2782 129
219 2712 388 2779 difficilem.
437 2713 486 2779 Sc.
509 2713 721 2780 Telemachus
748 2718 823 2799 post
850 2713 928 2778 solis
952 2735 1099 2779 occasum
1123 2715 1154 2795 (y
1167 2713 1233 2795 fin.)
1255 2712 1296 2777 ed
1319 2711 1388 2777 Me-

215 2822 343 2886 nelaum
368 2823 456 2887 venit
483 2845 602 2907 eosque
629 2823 795 2907 epulantes
825 2820 858 2904 (δ
885 2823 937 2905 61)
964 2821 1097 2888 invenit.
1140 2820 1229 2906 Ergo
1260 2812 1388 2903 δόρπον

217 2933 272 2995 est.
307 2929 351 2994 Et
372 2931 417 2994 sic
437 2935 524 2995 recte
547 2931 624 2995 dicit
642 2930 828 2996 Pisistratus
849 2953 877 2994 ι.
898 2935 956 2997 194
980 2921 1017 2992 οὗ
1040 2925 1103 3012 γὰρ
1125 2921 1227 3011 ἔγωγε
1246 2918 1386 3011 τέρπομ’

217 3029 416 3120 ὀδυρόμενος
435 3029 663 3119 μεταδόρπιος
683 3041 775 3122 „post
789 3037 959 3101 ιιοιιιιιιιι74
974 3036 1099 3120 vesperi
1116 3036 1244 3122 ingrata
1263 3034 1389 3100 lamen-

216 3145 326 3210 tatio“.
363 3144 433 3222 Qua
453 3167 531 3210 voce
552 3145 690 3229 hospitis
712 3148 892 3210 commotus
914 3143 1095 3221 Menelaus,
1117 3165 1158 3207 ue
1180 3143 1272 3208 malis
1295 3143 1390 3226 quasi

217 3253 377 3317 ominibus
401 3253 485 3318 diem
506 3253 629 3328 finiant,
651 3253 823 3317 instaurari
844 3252 934 3316 iubet
956 3291 996 3298 -
1018 3244 1155 3336 δόρπον,
1179 3255 1254 3318 213:

216 3422 425 3430 ——-.—-.

283 3504 308 3544 ⁷4
325 3500 400 3554 Nihil
413 3501 489 3556 aliud
507 3493 705 3571 μεταδόρπιος
721 3500 875 3571 significare
892 3502 998 3570 potest:
1019 3502 1051 3554 ut
1069 3500 1139 3555 haec
1157 3497 1313 3570 composita
1329 3516 1389 3553 om-

216 3584 263 3638 nia
280 3585 310 3639 id
328 3585 489 3655 significant
507 3586 582 3654 quod
594 3585 766 3656 praepositio
784 3602 847 3639 cum
865 3584 1046 3639 substantivo
1075 3576 1254 3654 μεταδήμιός
1271 3580 1335 3640 ἐστι
1353 3584 1389 3655 (e.

216 3686 242 3737 g.
260 3670 401 3740 assai.
426 3689 451 3739 q.
474 3664 548 3739 μετὰ
570 3673 664 3746 δῄμρη
693 3671 742 3726 sed
767 3664 842 3738 μετά
865 3661 966 3742 δόρπῳ
984 3668 1054 3723 nihil
1071 3671 1121 3726 est
1161 3668 1270 3739 Dignus
1287 3668 1390 3724 horum

216 3771 280 3807 usus
298 3754 346 3822 qui
363 3755 534 3810 attendatur.
564 3754 608 3809 Sic
622 3776 631 3809 ι
644 3760 694 3811 234
711 3754 756 3825 (ef.
769 3754 829 3825 249)
849 3758 921 3826 φέρε
938 3747 969 3808 δ’
987 3746 1110 3826 ὄβριμον
1131 3746 1223 3823 άχδος
1238 3742 1307 3823 υλης
1323 3728 1389 3821 άζα-

216 3836 293 3907 λέης,
313 3833 364 3895 ἵνα
386 3837 415 3895 οἱ
433 3832 631 3909 ποτιδόρπιον
657 3833 714 3910 ειη,
736 3839 755 3893 i.
774 3856 797 3894 e.
819 3835 894 3908 πρὸς
914 3831 1034 3910 δόρπον.
1063 3844 1133 3894 051
1158 3838 1213 3908 (75)
1235 3827 1306 3893 αλλὰ
1326 3827 1392 3906 μέν’

217 3913 315 3979 eladae
326 3925 408 3994 δῶρα
419 3922 521 3993 φέρων
534 3921 686 3994 ἐπιδίφρια
698 3913 795 3994 belf
779 3941 863 3993 ηρας.
887 3917 960 3992 βάλε
971 3916 1063 3987 σάκος
1072 3921 1184 3992 μέσσον
1195 3914 1389 3991 ἐπομφάλιον,

215 4008 233 4062 i.
251 4025 273 4063 e.
292 4001 338 4064 ἐπ’
352 4000 483 4081 ὀμφαλῷ,
501 4010 530 4062 Η
540 4012 597 4063 261.
626 4009 695 4062 Inde
710 4006 879 4072 dubitatum,
896 4010 990 4062 utrum
1002 4003 1035 4073 ἐξ
1052 3997 1120 4073 άλός
1131 4023 1167 4060 an
1185 4000 1290 4070 ἔξαλος
1303 4008 1319 4061 λ
1332 4009 1389 4061 134.

210 4085 329 4156 Ἔξαλος
341 4095 374 4147 ut
386 4088 501 4162 έφαλος,
515 4108 685 4162 quamquam
698 4089 770 4146 dixit
784 4089 919 4156 εἰνάλιος
946 4091 1082 4146 Homerus
1091 4094 1187 4146 tamen
1198 4089 1268 4144 haee
1280 4089 1390 4145 mavult

217 4176 270 4231 et
261 4195 292 4230 m
308 4177 478 4247 parisyllaba
497 4177 566 4231 decl.
585 4176 638 4231 et
630 4195 660 4230 ιι
677 4175 887 4247 imparisyllaba
913 4177 1095 4230 terminare
1086 4195 1116 4230 m
1134 4193 1187 4240 ιος.
1218 4175 1251 4229 In
1270 4192 1303 4239 ος
1319 4174 1389 4228 mihi

216 4264 327 4331 praeter
344 4256 454 4331 όφαλος
470 4279 546 4316 nunc
564 4263 677 4316 tantum
693 4259 828 4316 memoria
849 4261 946 4316 haeret
933 4256 1093 4345 λέμφνλος
1110 4264 1197 4316 0213.
1224 4257 1389 4329 Aristopha—

216 4345 259 4399 nis
275 4343 360 4400 lectio
379 4349 396 4400 δ
414 4352 462 4402 185
483 4346 538 4401 fuit
556 4339 686 4402 εἰνόδιον
703 4363 759 4400 non
775 4343 851 4417 -,δ1ῳ
869 4345 927 4400 ut
919 4363 950 4399 111
967 4324 1077 4401 schdliis
1097 4348 1147 4399 est.
