3008 4980
191 295 230 356 84
276 287 311 340 Π.
336 285 378 341 De
396 285 572 340 Aristarchca
588 284 785 339 vocabulorum
802 283 1012 338 Homericorum
1028 282 1271 353 interpretatione.

189 449 357 535 δαίμονος.
391 454 436 518 Et
453 457 545 520 1499
560 449 617 515 καὶ
629 447 690 533 μὲν
703 449 780 528 τοδς
800 445 937 514 θυέεσσι
957 444 1014 512 καί
1034 441 1178 538 εὐχωλῇς
1199 442 1359 538 ἀγανῇσιν

187 558 287 648 λοιβῇ
299 582 336 625 τε
354 556 446 648 κνίση
460 583 496 623 τε
514 551 758 642 παρατρωπιῦά
776 550 966 642 άνθριοποι,
990 562 1024 622 et
1043 561 1075 618 Z
1085 564 1156 636 270,
1176 558 1235 623 ubi
1248 557 1358 622 Hecu·

187 670 262 731 bam
276 667 398 734 Hector
414 669 562 733 hortatur
577 658 665 729 άλλὰ
680 662 719 730 σί·
731 662 792 747 μὲν
806 666 893 749 πρὸς
908 661 984 750 νηὸν
1001 657 1186 749 Ἀθηναίης
1206 656 1360 749 ἀγελείης

186 769 278 857 ἔρχεο
308 773 368 839 σὺν
398 773 554 841 θυέεσσιν
580 767 788 838 ἀολλίσσασα
818 767 961 856 γεραιάς.
1004 771 1044 836 ln
1067 773 1131 836 hoc
1156 771 1255 836 etiam
1282 771 1358 836 sub-

186 883 325 946 stantivo
340 887 377 947 ut
390 885 425 947 in
447 875 576 968 θυηλαί
595 882 817 946 Aristarchum
838 882 907 946 sola
927 875 1127 960 θυμιάματα
1149 883 1181 944 et
1203 873 1359 960 ἀπαρχάς

185 988 326 1073 intelligi
340 989 480 1058 voluisse
501 1012 568 1054 non
590 989 810 1067 dubitandum,
832 992 864 1052 et
885 988 988 1052 sicubi
1007 988 1043 1051 in
1064 985 1306 1051 commentariis
1327 989 1359 1049 ct

184 1095 419 1181 lexicographis
441 1097 492 1161 vel
514 1097 599 1180 apud
619 1095 862 1180 paraphrastam
881 1094 1022 1159 Beklrcri
1043 1097 1093 1177 (ut
1112 1116 1143 1177 p.
1158 1099 1220 1161 709
1240 1092 1278 1156 in
1299 1091 1357 1156 illo

185 1202 284 1291 λοιβῇ
307 1227 343 1267 τε
369 1199 462 1289 κνίση
486 1226 522 1267 τε
546 1207 603 1284 -)
635 1207 800 1287 praeterea
831 1203 928 1268 etiam
959 1201 1205 1286 explicationem
1232 1193 1359 1274 θυσίας

184 1311 364 1376 invenimus
393 1312 456 1376 hoc
484 1334 550 1377 non
581 1309 673 1374 illum
702 1314 735 1373 et
763 1309 983 1394 diligentiores
1008 1308 1236 1393 grammaticos
1262 1305 1357 1370 illum

185 1421 312 1482 secutos
338 1417 465 1484 referre.
500 1456 540 1464 -
575 1417 755 1482 Homericis
785 1420 898 1481 contra
932 1439 1052 1502 ponam
1085 1415 1165 1479 haec
1190 1413 1358 1498 Apollonii

183 1522 302 1589 Rhodii
324 1523 414 1593 1420
434 1523 532 1609 τήνδε
555 1520 629 1602 δέξο
652 1515 784 1609 θυηλήν
807 1524 846 1587 δε
866 1525 973 1590 bobus
993 1522 1177 1600 immolatis,
1199 1526 1234 1586 et
1246 1519 1282 1585 Π
1300 1527 1357 1588 156

184 1629 240 1695 καί
260 1623 463 1696 ἀθανάτοισι
485 1628 615 1716 θυηλὰς
635 1626 785 1715 ῥέξαντες
803 1627 889 1714 μέγα
910 1624 1037 1715 δόρπον
1058 1622 1268 1716 ἐφώπλισαν.

699 2081 837 2170 Φράζαι

498 2258 661 2317 nunquam
683 2249 728 2299 est
749 2234 829 2316 διὀο,
850 2232 908 2297 σεδ
925 2234 1038 2298 indico.

181 2397 332 2482 Apollon.
354 2398 415 2463 lex.
436 2396 476 2461 H.
498 2420 530 2481 p.
554 2403 614 2464 658
636 2420 659 2463 s.
682 2394 868 2485 πεφράδοι;

349 2508 422 2581 πῶς
442 2497 469 2569 κ)
493 2499 556 2581 ἔοι,
581 2498 615 2567 εἴ
632 2527 684 2580 τις
704 2505 767 2569 νῶϊ
786 2508 876 2570 θεῶν
898 2497 1126 2588 αἰειγενετάων

347 2604 469 2676 εὕδοντ’
493 2604 666 2699 ἀθρήσειε,
690 2615 805 2677 θεοῖσι
826 2609 863 2676 δὲ
883 2615 968 2676 πᾶσι
987 2608 1160 2693 μετελθών

345 2715 533 2807 πεφράδοις
556 2715 602 2802 (Ξ
619 2724 691 2802 335)

179 2818 369 2912 πεφράδοιι
399 2822 774 2914 διασημαί(1.μά)νειεν·
806 2820 825 2891 δ
850 2823 887 2891 δὲ
915 2819 1043 2890 ’Λπίων
1069 2819 1110 2889 tv
1137 2817 1231 2890 εἴποι
1261 2826 1353 2907 (illud

180 2923 221 2994 άν
243 2932 414 2998 delendum
435 2937 503 3015 erit,
523 2936 652 3001 Bekkcr
674 2928 823 3012 cincinni,
848 2936 901 2999 vix
921 2938 1036 3016 recte),
1057 2935 1116 2998 τοῦ
1134 2925 1352 3016 Ἀριστάρχου

179 3039 443 3124 οεοημειιομένοο
460 3039 564 3106 ὅτιτὸ
581 3036 710 3130 φράσαι
725 3035 887 3107 οὐδέποτε
903 3038 960 3105 ε’πί
980 3043 1039 3105 τοῦ
1061 3033 1167 3103 εἰπεῖν
1186 3033 1352 3106 τάσσεται.

177 3145 224 3212 Ιδ.
245 3170 276 3231 p.
300 3154 359 3217 840
386 3171 410 3214 s,
438 3145 599 3235 φραδέοςτ
633 3141 795 3214 οὐδέποτε
821 3152 881 3214 τοῦ
908 3149 1051 3234 ποιητοῦ
1078 3143 1135 3211 ε’πὶ
1159 3149 1220 3211 τοῦ
1246 3139 1352 3211 εἰπεῖν

176 3246 355 3332 τάσσοντος
380 3252 441 3340 τὴν
467 3252 570 3333 λέξιν·
608 3251 725 3339 διόπερ
747 3249 961 3339 Ἀρίσταρχος
989 3251 1023 3319 ἑν
1049 3257 1090 3344 τῇ
1115 3258 1144 3318 Ρ
1167 3255 1198 3336 (l.
1224 3253 1268 3336 Ξ)
1296 3258 1353 3342 τῆς

174 3351 320 3439 Ἰλιάδος
340 3355 512 3450 ἠθέτηκεν.
547 3361 716 3448 Significat
737 3359 770 3431 Ξ
789 3370 864 3431 500:

687 3464 705 3535 ὁ
730 3468 766 3533 δὲ
788 3473 836 3557 φῆ
857 3467 998 3534 κώδειαν
1020 3463 1180 3549 άνασχών,

329 3572 484 3659 πέφραδέ
505 3598 540 3640 τε
565 3570 714 3660 Τρώεσσι
735 3574 793 3642 καί
814 3569 989 3659 εάχόμενος
1010 3572 1092 3654 ἔπος
1112 3575 1206 3661 ηὔδα.

174 3677 246 3744 Ηοο
272 3682 299 3746 si
327 3704 400 3748 cum
430 3684 559 3748 scholiis
590 3688 622 3749 ct
642 3684 816 3750 Eustathio
844 3685 1039 3764 conferas⁵⁰‚
1067 3686 1183 3750 scimus
1217 3685 1255 3749 de
1275 3685 1350 3749 Ari-

176 3787 318 3867 starcho,
349 3812 477 3855 versum
504 3788 660 3878 πέφραδέ
694 3829 731 3838 -
764 3793 859 3858 obelo
890 3796 1038 3857 notatum
1071 3815 1140 3857 esse
1167 3792 1349 3857 certissimo

175 3899 374 3979 argumento,
396 3898 483 3980 quod
496 3898 553 3962 >hic
572 3921 650 3964 usus
672 3899 761 3964 verbi
784 3894 921 3986 φράζειν
942 3903 982 3964 ab
1005 3900 1147 3965 Homero
1170 3899 1266 3982 plene
1290 3898 1347 3963 ab·

173 3999 327 4080 horreret,
348 4003 499 4082 alterum,
521 4007 612 4070 cuius
633 4028 692 4090 pro
715 4008 824 4090 spurio
846 4008 981 4072 notandi
1003 4029 1115 4071 causas
1136 4028 1202 4070 non
1224 4007 1348 4070 videret

240 4236 266 4278 ⁶⁰
292 4233 375 4290 Error
400 4237 432 4288 ut
458 4235 627 4300 declinetur,
655 4255 767 4302 moneo,
795 4240 1006 4295 annotationem
1029 4241 1057 4293 Σ
1078 4243 1126 4294 253
1153 4256 1209 4293 non
1243 4238 1346 4293 Aristo-

173 4338 229 4374 mcr
247 4338 312 4376 esse.
