3008 4980
490 337 512 388 1.
542 331 583 387 De
600 335 672 398 oe’re,
691 331 812 397 aethere,
831 331 956 401 Olympo.

325 493 460 564 Ἠελίου
482 492 584 584 ὀξεῖα,
606 494 707 585 νέφος
727 493 758 563 δ’
782 491 821 564 οὗ
844 491 982 586 φαίνετο
1004 490 1118 583 πάσης

328 601 424 692 γαίης
446 599 519 673 οὐδ’
543 600 655 691 ὀρέων.

143 718 233 797 Quae
249 717 326 782 hinc
339 715 477 781 efficitur
491 715 616 781 claritas
636 736 674 780 ea
695 718 744 780 est
766 706 880 800 αἰθρη.
916 714 1002 780 Hinc
1016 714 1098 781 Aiax
1119 714 1227 781 Iovem
1248 716 1309 780 im·

142 827 272 911 plorans
297 827 445 910 precetur
471 825 513 906 (P
532 826 604 906 646)
626 814 769 908 ποίησον
791 814 923 907 α’ίθρην.
965 821 1042 888 Non
1062 827 1190 908 poteret
1211 819 1309 908 ποίη-

142 951 201 999 σον
220 925 355 1015 αἰθέρα,
378 931 466 996 hunc
481 930 567 997 enim
581 951 647 995 non
660 929 739 995 facit
752 928 906 1016 Iuppiter,
929 930 985 996 sed
998 932 1039 997 ab
1053 931 1146 996 initio
1161 931 1195 996 in
1217 931 1308 997 coelo

142 1045 293 1107 extensus
321 1043 369 1105 est
396 1043 495 1124 etque
522 1041 672 1104 extensus
692 1038 753 1103 erit
778 1037 813 1101 in
840 1041 1019 1114 aeternum3
1052 1042 1085 1104 et
1106 1038 1151 1103 sio
1172 1043 1310 1123 possunt

143 1148 284 1233 quidem,
314 1151 351 1212 ut
374 1147 415 1213 ed
441 1150 588 1212 nostrum
615 1145 724 1210 locum
752 1146 974 1230 respiciemus,
1000 1146 1111 1211 nubile
1138 1145 1247 1232 colligi
1277 1141 1315 1225 ἐξ

142 1247 280 1339 αἰθρης,
310 1276 376 1320 non
402 1249 440 1333 ἐξ
459 1247 663 1337 alremont
703 1251 802 1336 Recte
829 1252 926 1318 etiem
951 1253 1030 1320 illud
1061 1253 1177 1319 dicitur
1200 1254 1229 1318 Θ
1250 1260 1310 1322 556

141 1355 187 1440 ὥς
208 1354 240 1426 δ’
256 1353 303 1426 ὅτ’
320 1355 355 1426 ἐν
377 1354 507 1448 οὐρανῷ
528 1353 633 1443 άστρα
655 1356 798 1450 φαεινήν
816 1351 905 1446 άμφὶ
926 1352 1065 1446 σελήνην
1086 1353 1211 1449 φαίνετ’
1235 1353 1310 1446 οἰρι-

140 1463 287 1553 πρεπέα,
321 1461 376 1534 ὅτε
398 1460 425 1532 τ’
453 1462 572 1535 ἔπλετο
599 1460 739 1556 νήνεμος
764 1459 885 1552 αἰθήρ·
923 1473 957 1534 ot
986 1473 1099 1534 contre
1124 1460 1310 1553 ἠνεμόεσσα

141 1569 249 1663 αἰθήρ
279 1599 346 1642 non
372 1580 500 1663 poteret
526 1577 588 1642 dici
611 1576 651 1642 ab
672 1576 815 1642 Homero
836 1579 874 1640 ut
895 1576 1153 1662 significarentur
1173 1576 1309 1643 moleste

140 1685 256 1752 flentes
278 1689 311 1751 et
328 1685 445 1750 nimbis
463 1685 555 1750 mixti
576 1686 673 1751 venti.
710 1682 775 1750 Sed
795 1682 877 1749 illud
897 1686 983 1749 recte
1009 1683 1125 1750 dicitur
1146 1687 1177 1767 (o
1195 1688 1268 1766 293)

284 1793 390 1858 τοῖσιν
412 1784 444 1856 δ’
467 1785 602 1874 ἴκμενον
625 1782 722 1876 οιίρον
743 1790 788 1856 ἵει
809 1789 1002 1876 γλαυκῶπις
1019 1783 1160 1877 Ἀθήνη,

285 1893 409 1983 λάβρον
430 1894 645 1984 ἐπαιγίζοντα
667 1891 721 1964 ot·
734 1891 884 1981 αἰθέρος,
908 1891 999 1988 ίίφρα
1019 1891 1158 1980 τάχιστα

284 2008 359 2092 νηῦς
380 1999 510 2072 ἀνύσειε
530 2003 660 2073 θέουσα
681 1999 857 2092 θαλάσσης
878 2001 1024 2091 άλμορον
1045 2002 1144 2089 ὕδωρ.

139 2115 205 2181 Ubi
232 2115 295 2180 hoc
320 2115 359 2181 de
384 2116 542 2182 industrie
567 2117 710 2202 positum
735 2119 773 2182 ut
800 2115 1016 2200 intelligamus
1041 2115 1157 2181 acriter
1178 2116 1390 2189 sedin-(1⁷5)

140 2223 244 2289 eunde
267 2223 399 2289 flentem
423 2227 555 2289 ventum
581 2223 680 2290 fnisse
702 2223 793 2290 coelo
813 2246 925 2290 sereno
948 2245 1062 2288 nevem
1083 2223 1227 2289 celeriter
1247 2224 1306 2288 im·

139 2329 325 2415 pellentem.
362 2330 496 2396 Poterat
510 2332 608 2398 etiam
623 2323 680 2394 ἀπ’
700 2323 855 2414 οὗρανοῦς
876 2331 933 2397 sed
954 2331 1010 2398 ubi
1030 2331 1165 2397 interest
1185 2331 1307 2396 clarum

106 2436 108 2441 ’
140 2436 267 2502 coelum
290 2438 426 2523 cogitari
452 2439 561 2522 potius
583 2440 675 2526 eligit
696 2431 813 2524 αἰθήρ.
853 2437 932 2505 Illos
959 2461 1070 2505 versus
1096 2439 1141 2504 sio
1162 2439 1306 2505 imitatus

141 2549 252 2612 auctor
272 2546 383 2631 hymni
403 2546 512 2630 Apoll.
534 2552 594 2616 433

283 2643 364 2736 ήλθ)
388 2646 509 2736 ίίνεμος
530 2651 683 2742 Ζέφυρος
702 2650 816 2739 μέγας,
842 2647 990 2738 αἴθριος,
1009 2650 1047 2720 ἐκ
1067 2655 1153 2732 Διὸς
1175 2647 1280 2740 αἴσης,

284 2752 409 2845 λάβρος
430 2754 611 2845 ἐπαιγίζων
632 2758 670 2843 ἐξ
689 2755 839 2845 αἰθέρος,
863 2753 954 2851 άφρα
974 2755 1112 2842 τάχιστα

142 2872 175 2934 ct
196 2869 274 2934 item
293 2890 420 2936 versum
440 2873 629 2956 sequentem
651 2875 689 2937 ut
709 2871 795 2956 apud
815 2870 1002 2937 Homerum.

223 2975 372 3042 Ceterum
398 2978 476 3043 levis
504 2977 659 3044 correctio
690 2978 872 3044 adhibenda
892 2978 1096 3044 Aristarcho:
1129 3002 1195 3046 non
1218 2981 1305 3045 omni

139 3107 178 3150 ex
204 3086 295 3169 perte
321 3083 405 3150 idem
437 3089 486 3151 est
512 3077 618 3170 αἰθήρ
644 3089 677 3151 et
703 3077 853 3168 οὐρανός.
902 3078 1050 3169 Οὐρανός
1076 3089 1181 3154 omnis
1205 3089 1306 3174 regio,

139 3214 222 3277 quae
242 3192 345 3257 nubes
367 3192 503 3272 excedit,
530 3215 594 3279 que
614 3193 669 3258 Dii
691 3197 779 3272 sunt3
809 3194 866 3260 sed
888 3196 956 3260 eius
977 3194 1087 3260 infime
1107 3217 1195 3280 pars,
1223 3218 1304 3280 qnae

137 3299 322 3365 hominibus
337 3299 468 3366 adverse
483 3305 540 3382 est,
561 3301 690 3386 proprie
705 3302 802 3367 etiam
820 3301 936 3367 dicitur
957 3294 1075 3388 αἰθήρ,
1100 3302 1187 3387 quod
1208 3303 1304 3369 huius
1324 3314 1369 3365 171

138 3407 280 3493 regionis
306 3407 458 3493 splendor
477 3412 669 3495 tempestate
691 3431 803 3475 serene
825 3410 917 3493 quasi
937 3410 1105 3476 hominum
1127 3409 1229 3476 oculis
1251 3432 1305 3476 ex-

137 3515 263 3602 positus
286 3519 342 3582 est.
384 3516 469 3582 Hinc
496 3539 692 3602 quemquem
716 3520 803 3583 recte
824 3516 879 3582 Dii
908 3517 1057 3585 dicuntur
1078 3523 1111 3585 et
1132 3513 1167 3583 έν
1188 3510 1307 3600 αἰθέρι

138 3646 209 3690 esse
231 3627 264 3690 et
285 3619 320 3688 έν
341 3615 482 3708 οὐρανῷ,
506 3627 615 3690 tamen
635 3627 809 3709 utrumqne
828 3625 925 3691 etiem
945 3626 1101 3714 distingui
1122 3630 1231 3714 potest
1253 3627 1305 3709 (ct

137 3729 297 3797 Voelcker
324 3754 356 3816 p.
387 3732 449 3815 18),
486 3735 522 3797 ut
550 3732 584 3797 in
613 3731 679 3796 illis
713 3724 826 3818 αἰγλη,
865 3724 1054 3817 ὀρυμαγδὸς
1084 3726 1128 3798 δι’
1166 3726 1307 3817 αἰθέρος

138 3827 351 3922 cicactrice
378 3841 420 3921 (B
441 3845 510 3908 458.
537 3842 567 3902 Ρ
586 3843 672 3922 425),
700 3843 733 3906 et
758 3841 887 3925 qnando
909 3842 1055 3909 Minerva
1082 3835 1172 3930 άρπη
1197 3836 1305 3908 εἰκυῖα

205 4065 241 4108 1⁰⁶
259 4058 348 4135 αἰθήρ
360 4079 411 4133 pro
423 4061 571 4132 splendore
583 4065 681 4119 nector
693 4064 926 4136 cynegeticorum
941 4068 966 4122 A
984 4072 1033 4123 220
1051 4067 1097 4139 (de
1115 4068 1198 4124 armis
1216 4068 1304 4139 splen·

137 4148 278 4216 dentibus)
292 4140 374 4204 άντία
389 4138 417 4202 δ’
429 4141 513 4217 αἴγλη
522 4151 633 4218 χαλκοῦ
649 4142 843 4222 άποθροίσκει
855 4145 1044 4221 φαεθοντιοίς,
1062 4144 1137 4223 αἶψα
1149 4145 1179 4207 δ’
1192 4145 1305 4208 ὀπίσσω

135 4231 307 4303 κλινομένης
323 4224 441 4297 οἰκτλνος
459 4222 662 4303 άπαστράπτει
677 4231 768 4298 πολὺς
786 4231 883 4306 αἰθήρ.
912 4235 965 4292 od.
978 4239 993 4305 ζ
1005 4243 1039 4292 44
1052 4226 1124 4293 ortt
1135 4229 1201 4305 μάλ’
1213 4230 1304 4308 αἴθρη

135 4322 280 4374 πέπταται
302 4307 474 4385 άννέφελος,
495 4319 582 4388 λευκή
605 4308 631 4372 δ’
646 4315 840 4389 ἐπιδέδρομεν
858 4323 948 4391 αἴγλη.
982 4318 1035 4376 Hie
1052 4320 1174 4379 Rhienus
1192 4321 1304 4393 legebat

137 4398 243 4473 αἰθηρς
261 4401 337 4473 quod
353 4400 420 4457 ferri
437 4403 531 4472 potest
548 4400 571 4456 si
586 4393 665 4471 μάλα
682 4400 803 4474 explices
821 4410 928 4469 ,‚sene.“
