3008 4980
218 317 258 378 98
309 309 341 363 11.
359 308 400 363 Do
419 309 595 364 Aristarcheo
613 308 812 362 vocabulorum
829 307 1037 366 Homerioornm
1053 311 1297 382 interpretatione.

216 471 303 554 ἴσκε,
332 469 404 540 ἀλλ’
434 473 491 542 ent
515 479 575 542 τοῦ
600 469 741 559 ὡμοίου·
774 469 940 564 ἠπάτηται
967 470 1025 545 οὖν
1046 472 1065 548 δ
1088 477 1328 570 διασκευαστὴς
1348 477 1386 545 ἐκ

216 588 275 650 τοῦ
300 578 373 649 ἴσκε
399 579 527 666 ψεύδεα
553 583 665 650 πολλὰ
689 623 737 650 -.
764 585 853 662 Quae
877 587 965 653 haud
994 588 1090 653 dubie
1114 589 1186 673 ipsa
1214 592 1293 654 sunt
1313 589 1386 655 An·-

218 694 333 758 stonioi
347 693 451 758 verba.
472 693 517 758 Et
530 693 708 778 putaverim
721 693 801 758 haec
817 716 954 779 quoque,
970 717 1051 780 quoe
1066 696 1107 760 ad
1120 696 1262 780 priorem
1277 697 1385 763 locum

170 813 202 863 98
219 800 409 865 Eustathius
430 802 562 866 tradidit
584 802 630 886 (p.
654 807 741 881 1861,
763 801 832 886 52>,
857 802 1034 868 Aristonici
1055 803 1168 869 scholii
1188 803 1311 870 hebere
1331 827 1385 871 ve·

217 910 313 994 stigio
334 908 515 974 manifesta:
545 905 582 972 τὸ
611 904 648 971 δέ
673 900 764 972 ίόκεν
791 903 907 990 οἱμὲν
935 906 1196 998 γλωσσογράφοι
1224 903 1300 977 οίντί
1327 915 1386 978 τοῦ

216 1011 325 1100 ἔλεγεν
346 1012 545 1100 ἐκδέχονται,
569 1010 601 1081 οἱ
623 1012 660 1079 δέ
681 1008 910 1099 ἀκριβέστεροι
932 1009 1005 1084 ἀντὶ
1024 1020 1083 1083 τοῦ
1102 1010 1232 1106 ἤϊσκεν,
1255 1013 1277 1083 ὅ
1299 1015 1386 1084 ἐστιν

218 1117 346 1204 εἴκαζεν
372 1117 590 1202 ἆπεικονίζων
616 1119 701 1206 πρὸς
722 1116 898 1210 ἀλήθειαν.
938 1124 976 1192 V.
997 1125 1119 1191 Buttm.
1145 1126 1207 1190 lex.
1228 1124 1261 1190 Π
1283 1149 1314 1210 Ρ.
1338 1132 1386 1206 84,

219 1235 274 1318 qui
300 1233 361 1298 hac
390 1236 493 1297 aetate
524 1231 606 1297 illud
639 1254 700 1296 nos
728 1232 919 1296 vocabulum
947 1236 1034 1298 recte
1066 1232 1238 1297 diiudicare
1269 1234 1387 1312 docuit

217 1341 453 1405 Aristarcheam
488 1341 732 1404 intermortuam
769 1340 946 1404 doctrinam
982 1340 1043 1404 sibi
1082 1340 1213 1405 excitari
1250 1341 1386 1406 nescius.

218 1446 322 1525 Quam
354 1449 468 1512 dicitur
497 1448 700 1512 Aristarchus
729 1447 763 1510 in
796 1469 833 1512 ea
859 1469 937 1511 voce
965 1450 1094 1512 secutus
1124 1468 1193 1512 esse
1225 1447 1386 1513 scribendi

217 1557 384 1634 rationem,
409 1557 447 1619 de
469 1578 508 1619 ec
529 1555 609 1618 alius
632 1554 758 1619 dicendi
779 1555 868 1618 locus
890 1557 947 1619 est.

630 1888 811 1970 Στεῦται,
833 1887 969 1950 στεῦτο

371 2051 416 2101 est
436 2039 491 2119 „in
511 2038 650 2100 στιῦιτινια
671 2037 869 2114 inducebat&
892 2060 1053 2122 αατιριιαττ
1075 2037 1231 2120 ,,τταδα1“.

299 2202 384 2267 Hinc
411 2201 586 2266 iudicatum
607 2203 751 2287 spurium
773 2225 841 2268 esse
861 2203 969 2267 locum
991 2200 1133 2268 Necuice
1155 2207 1215 2272 584
1238 2204 1277 2269 de
1300 2203 1386 2269 Tan·

223 2311 298 2374 tolo:
320 2312 432 2374 στεῦτο
456 2305 493 2372 δὲ
514 2301 650 2395 διψέων
670 2349 725 2374 -.

304 2421 330 2479 Γ
342 2422 380 2484 83
394 2409 425 2503 (ἦ
438 2414 552 2502 διπλῇ)
563 2411 661 2482 ὅτιτὸ
671 2419 800 2482 στεῦται
812 2410 884 2481 ἀντὶ
895 2418 955 2480 τοῦ
966 2413 1049 2480 κατὰ
1063 2411 1217 2482 διοίνοιαν
1228 2409 1386 2504 ὁρίζεται.

218 2527 318 2592 E832
333 2516 364 2612 (ἡ
384 2523 500 2611 διπλῆ)
515 2521 601 2609 πρὸς
613 2521 651 2588 τὸ
666 2527 790 2603 στεῦτο,
815 2520 919 2590 ὅτιτὸ
934 2521 1019 2588 κατὰ
1039 2518 1192 2590 διάνοιαν
1214 2520 1387 2611 διωρίζετο

217 2628 236 2720 ἡ
253 2628 341 2711 λέξις
362 2628 523 2717 σημαίνει.
561 2635 590 2695 Β
605 2640 665 2700 597
686 2628 796 2698 ὅτιτὸ
819 2634 933 2696 στεῦτο
955 2629 1039 2696 κατὰ
1062 2627 1216 2700 διάνοιαν
1236 2626 1384 2720 ὡρίζετο,

218 2735 277 2806 σῦκ
298 2737 356 2805 έπί
375 2747 431 2830 τῆς
451 2744 517 2804 τῶν
537 2738 652 2804 ποδῶν
675 2733 833 2818 στοίοεως,
858 2732 903 2816 ὡς
922 2735 957 2804 έν
977 2739 1048 2816 τοῖς
1068 2738 1152 2805 κατὰ
1174 2738 1232 2830 τὴν
1253 2736 1387 2807 νέκυιαν

215 2843 437 2936 ἠθετημένοις
464 2851 603 2926 ,,στεῦτο
633 2844 669 2912 δέ
692 2845 860 2937 διψάωνέῑ.
903 2851 924 2910 Ι
942 2853 1000 2915 241
1024 2851 1170 2914 στεῦταιε
1190 2843 1387 2934 διορίζεται·

135 2965 205 3037 (101)
218 2950 333 3022 στάσιν
364 2954 425 3041 γὰρ
451 2958 560 3044 ψυχῆς
589 2950 741 3040 σημαίνει
776 2949 795 3043 ἡ
832 2950 927 3034 λέξις.
982 2946 1003 3040 ἡ
1034 2952 1071 3020 δέ
1102 2954 1302 3045 ἐπαναφορὰ
1331 2959 1389 3046 τῆς

218 3056 427 3153 οημειώσειος
447 3061 533 3148 πρὸς
551 3059 589 3127 τὸ
612 3058 647 3127 έν
665 3056 840 3150 Ὀδυσσείᾳ
860 3063 995 3147 ,στεῦτο
1017 3057 1053 3128 δέ
1074 3061 1240 3154 διψάωνῑῑ.
1279 3067 1312 3128 Φ
1326 3070 1387 3133 455

219 3167 250 3260 (ἡ
274 3169 388 3260 διπλῇ)
412 3166 522 3236 ὅτιτὸ
550 3172 661 3236 στεῦτο
683 3169 767 3235 κατὰ
790 3167 943 3235 διάνοιαν
962 3161 1114 3252 ὡρίζετο,
1143 3171 1385 3256 διεβεβαιοῦτο,

218 3277 304 3362 πρὸς
316 3278 357 3343 τὰ
380 3275 415 3342 έν
434 3279 475 3366 τῇ
495 3271 607 3364 servio
629 3269 847 3359 citocotiam.
886 3278 958 3344 Sch,
976 3275 995 3340 λ
1010 3283 1071 3346 584
1093 3281 1183 3363 (item
1196 3280 1386 3364 Aristonici)

219 3385 341 3451 ἵστατο.
364 3389 416 3450 νῦν
440 3381 497 3450 tat
521 3387 586 3448 τιῦν
611 3384 738 3450 ποδῶν·
767 3379 921 3472 κέχρηται
943 3381 980 3450 δέ
999 3389 1039 3475 τῇ
1058 3383 1144 3466 λέξει
1169 3382 1188 3455 δ
1210 3387 1387 3453 διασκευα-

219 3478 410 3581 στὴςπαρὰ
431 3491 489 3581 τὴν
510 3494 569 3556 τοῦ
594 3494 736 3578 ποιητοῦ
757 3488 945 3580 συνήθειαν.
992 3493 1097 3562 Schol.
1124 3495 1215 3562 Pind.
1239 3494 1386 3565 01197

220 3602 289 3685 (qui
309 3601 467 3686 Didymus
489 3595 727 3685 οτί1)“ομηρος
755 3596 792 3665 δέ
819 3594 920 3668 αὐτὸν
941 3595 1058 3686 ἑτέρως
1078 3597 1263 3689 ὑποτίθησι
1283 3625 1386 3686 τιμω-

220 3711 369 3792 ρεῖσδαι·

344 3809 468 3880 ἑσταότ’
493 3812 528 3879 έν
548 3810 659 3901 λίμνῃ·
677 3807 697 3901 ἡ
721 3809 759 3877 δέ
778 3809 990 3898 προσέπλαζε
1012 3811 1138 3903 γενείῳ·

345 3924 457 3986 στεῦτο
480 3919 517 3986 δέ
538 3916 683 4011 διψάων,
707 3916 814 3985 πιέειν
836 3915 869 3986 δ>
893 3917 953 3989 σῦκ
976 3914 1059 4004 εἶχεν
1079 3919 1222 3989 ἑλέσθαι

222 4027 278 4096 καί
300 4027 342 4094 τὰ
369 4024 452 4118 ἑξῆς·
482 4026 569 4118 πλὴν
595 4023 625 4093 εί
651 4026 696 4116 μὴ
723 4026 807 4093 κατὰ
831 4026 888 4095 τὸν
909 4023 1122 4115 Ἀρίσταρχον
1147 4024 1237 4098 νόθα
1264 4024 1328 4097 sici
1346 4029 1387 4097 τὰ

222 4135 284 4225 tto]
304 4139 415 4201 ταῦτα.

303 4247 394 4310 Dixit
414 4267 500 4310 nuno
523 4245 561 4309 de
584 4267 621 4309 ea
641 4266 675 4309 re
695 4242 879 4310 Nitzschius
901 4247 942 4312 ad
963 4247 984 4308 λ
1005 4253 1080 4314 584:
1106 4248 1190 4327 „Das
1211 4246 1309 4314 Wort
1329 4250 1388 4314 be·

225 4357 333 4421 deutet
354 4353 486 4436 iiberall,
504 4353 565 4417 mit
585 4353 706 4417 seinem
726 4351 842 4433 Sinos,
865 4355 925 4418 den
947 4354 1023 4418 bald
1043 4352 1157 4419 Worte
1179 4355 1246 4419 und
1267 4355 1388 4422 Gestcn
