3008 4980
521 345 696 416 1.βά11ει,ν
717 342 847 406 οὐτάσαι,
867 342 927 396 sim
1273 347 1311 409 65

140 503 249 596 ἀβλής
264 511 303 575 de
318 530 377 576 suo
393 510 523 590 addidit
546 512 665 595 quippe
688 511 745 595 qui
767 508 970 593 disciplinat
971 510 1095 572 eneret:
1116 504 1154 569 τὸ
1176 503 1313 588 βάλλειν

132 614 282 703 ’Όμηρος
303 609 364 682 ούκ
390 613 448 682 ἐπὶ
472 621 531 682 τού
557 616 670 704 ψιλῶς
697 610 1022 702 superlationemque,
1044 610 1152 680 velud
1174 604 1313 696 βάλλειν

140 718 324 809 προέμενόν
354 720 443 788 ἐστιν
476 721 647 804 ἐπιτυχεῖν.
689 726 776 810 quod
806 723 863 790 ille
896 723 1017 789 falso
1007 745 1041 787 m
1042 726 1237 808 terpretatns
1264 725 1314 787 est

145 833 239 916 eique
260 833 334 898 loco
356 833 512 913 adhibuit,
534 856 598 917 quo
621 835 688 898 non
708 833 893 918 pertineret.

225 1050 244 1128 ξ
267 1052 295 1114 3.
324 1045 380 1114 ΠΙ.
402 1047 531 1133 Duplex
551 1049 700 1114 vocabuli
720 1041 859 1131 βάλλειν
873 1045 952 1131 perf.
967 1067 1050 1130 pass.
1066 1047 1123 1124 est,
1144 1038 1320 1131 βέβλημαι·

142 1158 174 1220 et
199 1152 400 1240 βεβόλημαι.·
432 1155 551 1221 1110(1ε
577 1179 722 1242 corpore,
748 1156 811 1221 hoc
840 1155 878 1220 de
907 1154 1013 1219 animo
1040 1153 1128 1217 laeso
1151 1151 1313 1218 Homerus

141 1263 252 1329 utitur.
293 1265 350 1329 13
375 1257 501 1327 πένθεϊ
528 1255 560 1327 δ’
589 1256 719 1350 ἀτλήτῳ
740 1256 926 1350 βεβολήατο
954 1253 1076 1336 πάντες
1106 1255 1250 1342 άριστοιε
1280 1253 1313 1347 (ή

142 1368 259 1456 διπλῆ)
288 1365 340 1434 ὅτι
368 1364 454 1434 ἔνιοι
481 1365 663 1458 βεβλήατο·
688 1368 746 1436 καί
767 1365 954 1456 Ζηνόδοτος
980 1362 1092 1444 ούτως.
1121 1363 1180 1432 ἐπὶ
1201 1363 1237 1431 δέ
1257 1368 1315 1455 τής

141 1474 226 1541 κατὰ
254 1474 364 1565 ψυχήν
390 1471 540 1562 τρώσεως
564 1476 622 1543 καί
647 1471 827 1566 ἀλγηδόνος
853 1470 906 1541 ἀεὶ
926 1479 1023 1542 τοῦτο
1045 1473 1168 1553 τάττει,
1198 1471 1256 1539 ἐπὶ
1277 1469 1314 1538 δέ

140 1582 197 1671 τῆς
217 1581 301 1648 κατὰ
323 1587 418 1666 σῶμα
437 1583 566 1674 πληγῆς
585 1578 697 1652 ούκέτι
719 1583 832 1662 οὕτως.
864 1585 928 1652 Sex
941 1586 1038 1650 modo
1054 1584 1199 1650 versibus
1212 1583 1313 1647 inter·

141 1692 256 1776 positis
283 1693 465 1778 exemplum
491 1699 552 1775 est,
581 1696 668 1779 quod
692 1717 761 1761 rem
783 1694 964 1758 confirmet:
995 1685 1165 1776 Ἀτρείδης
1187 1685 1216 1753 δ’
1241 1681 1317 1768 άχεϊ

140 1796 273 1886 μεγάλῳ
288 1796 513 1886 βεβολημένος
529 1792 626 1888 ήτορ.·
648 1796 679 1889 (ή
696 1799 814 1889 διπλή)
837 1796 890 1866 ὅτι
903 1794 1009 1863 πάλιν
1028 1796 1067 1866 τὸ
1089 1792 1314 1882 βεβολημένος

142 1902 180 1968 τὸ
206 1903 263 1971 διὰ
284 1909 345 1971 τοῦ
368 1931 386 1973 o
409 1905 467 1973 ἐπὶ
486 1911 595 1999 ψυχῆς
616 1904 714 1994 λέγει.

226 2124 287 2207 54.
323 2123 477 2190 Nondum
491 2126 572 2192 solvi
585 2148 704 2190 nomen
724 2148 841 2191 meum.
876 2125 980 2208 Supra
1000 2125 1031 2209 (β
1049 2134 1064 2192 1
1080 2148 1111 2209 p.
1127 2127 1179 2207 55)
1203 2126 1312 2188 osten·
1324 2139 1379 2209 (17)

143 2231 252 2295 deram
265 2253 317 2296 me
331 2232 550 2316 probaturum,
571 2235 608 2296 Π
621 2239 681 2301 467
696 2232 935 2298 Aristarcheam
948 2232 1121 2296 lectionem
1134 2253 1201 2296 non
1214 2230 1314 2296 fuisse

144 2333 161 2402 ὃ
194 2335 231 2401 δὲ
249 2333 411 2427 Πήδασον
436 2332 586 2426 ήλασεν
606 2340 721 2406 λ’ππον.
761 2341 932 2425 Didymus,
959 2339 1014 2423 qui
1035 2326 1315 2403 hanc’lectionem

142 2446 177 2509 in
198 2444 398 2512 Philemonis
428 2448 569 2514 editione
595 2472 629 2515 se
650 2449 811 2514 invenisse
838 2449 897 2528 ait,
919 2470 957 2512 eo
979 2447 1116 2532 probare
1136 2447 1207 2512 vult
1228 2451 1314 2512 certe

142 2553 302 2619 hocloco
336 2555 509 2621 lectionem
532 2557 713 2623 fluctuasse.
758 2556 883 2622 Deinde
917 2577 1011 2620 suum
1037 2553 1127 2619 addit
1152 2553 1315 2632 iudicium,

144 2683 210 2726 non
228 2661 476 2745 improbabilem
497 2664 598 2730 videri
618 2663 702 2729 hanc
722 2664 902 2742 lectionem,
926 2662 1045 2748 quippe
1070 2685 1143 2727 cum
1165 2657 1315 2725 ἐλαύνειν

144 2769 187 2832 sit
206 2769 263 2834 ubi
284 2771 323 2834 de
345 2771 476 2836 vulnere
498 2772 623 2837 eminus
649 2771 809 2836 inflicto
799 2769 942 2835 1nveniat
943 2793 990 2836 ur.
1042 2768 1089 2833 At
1110 2769 1199 2834 Arist
1200 2769 1315 2834 archus

145 2875 297 2941 docuerat
318 2872 513 2942 ἐλαύνειν
488 2899 534 2943 src
555 2901 621 2944 non
644 2878 714 2957 dici,
735 2878 792 2943 sed
813 2898 888 2941 cum
907 2868 1058 2954 οὐτάσαι,
1082 2869 1204 2965 τύψαι,
1228 2875 1314 2963 πλή·

144 2981 200 3060 ξαι
230 2985 343 3050 eodem
370 2985 442 3050 loco
470 2986 655 3051 habendum
686 3007 763 3051 esse.
805 2984 877 3050 Hoc
902 2985 1082 3050 Aristarchi
1107 2988 1315 3068 praeceptum

144 3089 310 3175 ignorasse
324 3091 499 3176 Didymum
517 3114 558 3157 ne
572 3096 681 3176 putes:
705 3094 761 3157 sed
781 3093 869 3157 visus
892 3096 941 3158 est
961 3093 1023 3158 sibi
1046 3093 1202 3175 quosdam
1224 3092 1314 3157 locos

143 3195 272 3282 legisse,
294 3221 359 3283 quo
374 3199 455 3265 illud
469 3203 677 3284 praeceptum
698 3202 941 3285 perverteretur.
977 3199 1086 3266 Unum
1106 3200 1175 3284 ipse
1197 3199 1315 3279 attulit,

144 3305 174 3366 P
190 3312 267 3371 517:

267 3403 289 3497 ἦ
310 3416 352 3499 ῥα
373 3411 430 3479 καί
451 3407 665 3496 ἀμπεπαλὼν
686 3410 801 3503 προίει
823 3409 1034 3494 δολιχόσκιον
1055 3406 1157 3496 ἔγχος,

265 3519 324 3586 καὶ
343 3519 445 3604 βάλεν
463 3515 618 3611 Ἀρήτοιο
640 3515 710 3587 κατ’
735 3515 864 3588 ἀσπίδα
885 3512 1021 3586 πάντοδ
1047 3515 1151 3606 έίσην·

266 3622 286 3718 ή
311 3623 342 3693 δ’
367 3621 428 3693 οὐκ
449 3623 542 3713 ἔγχος
562 3623 668 3713 έροτο,
693 3629 751 3696 διὰ
771 3629 837 3716 πρὸ
861 3629 899 3696 δέ
919 3622 1032 3695 είσατο
1051 3624 1186 3713 χαλκός·

267 3728 394 3824 νειαίρῃ
417 3729 449 3801 δ’
474 3733 508 3801 ἕν
529 3735 644 3823 γαστρί
665 3737 722 3804 διὰ
746 3738 910 3828 ζωστῆρος
930 3733 1076 3803 ἔλασσεν.

145 3844 208 3922 Qui
228 3845 317 3910 locus
340 3847 427 3929 quod
447 3845 605 3931 Didymus
625 3847 730 3913 voluit
750 3870 816 3913 non
835 3847 960 3932 probat,
981 3867 1041 3910 nec
1063 3849 1112 3911 est
1133 3846 1233 3926 ullus,
1258 3848 1313 3931 qui
1331 3865 1363 3916 65

144 3951 344 4017 verissimum
364 3953 543 4018 Aristarchi
563 3959 770 4039 praeceptum
787 3955 936 4020 infirmet.
969 3949 1117 4017 ἐλαύνειν
1136 3950 1210 4019 τινά
1232 3978 1316 4021 nun·
1340 4019 1343 4023 ,

146 4081 242 4142 quam
272 4060 363 4125 aliter
391 4061 507 4125 dicitur
536 4061 599 4127 nisi
620 4063 743 4148 gladio,
772 4063 888 4145 securi,
914 4062 983 4129 sim.
1024 4058 1080 4127 τὸν
1105 4054 1194 4126 etad
1224 4052 1316 4146 ὦμον

146 4159 306 4255 φασγάνῳ
328 4160 425 4247 ἀίξας
446 4170 476 4231 Ε
496 4174 543 4236 80.
567 4167 657 4254 ξίφει
678 4166 780 4258 ήλασε
801 4167 921 4256 κόρσην
942 4174 976 4232 Ν
997 4176 1067 4238 576.
1095 4161 1214 4248 αύχένα
1234 4165 1316 4252 μέσ-

147 4295 205 4340 σον
230 4269 368 4340 έλασσεν
395 4270 555 4362 φασγάνῳ
586 4269 683 4357 ἀΐξας
708 4282 743 4341 K
767 4286 836 4346 455.
876 4269 1039 4364 ’Ἀντιφον
1067 4267 1109 4342 ad
1135 4275 1228 4362 παρὰ
1258 4267 1316 4354 ούς

146 4375 401 4526 δ’λησηξίφΑειιΛ
417 4392 485 4524 {09-
521 4383 603 4450 Item
620 4391 652 4448 Ν
664 4393 725 4454 616
748 4387 885 4469 (securi).
923 4390 958 4448 N
970 4392 1038 4454 614.
1064 4388 1179 4454 Π338.
1201 4382 1234 4455 Ξ
1244 4393 1313 4455 497.

213 4495 292 4538 ιη,
328 4488 441 4527 rutam.
1088 4493 1103 4540 5
