3008 4980
598 355 621 405 2.
645 349 844 421 Mythologica.
1248 361 1305 421 177

138 538 200 581 σαν
231 509 418 601 εἰσάγουσιν
446 509 556 605 αὐτήν.
607 519 666 586 (lui
693 518 856 586 simillima
889 516 1069 585 observatio
1097 519 1190 599 haec,
1221 521 1306 585 unde
1395 600 1398 606 ι

137 627 302 710 Astyanax
329 626 415 710 apud
438 627 635 693 recentiores
662 626 832 693 moenibus
855 647 1007 710 praeceps
1034 625 1127 691 datus
1155 627 1306 713 fingatur.

138 732 170 796 Ω
187 737 247 800 735
269 733 494 800 Andromache
517 734 556 801 de
577 734 636 800 filii
658 738 744 800 sorte
766 733 903 800 eiulans:
923 725 946 818 ἤ
966 755 1017 810 τις
1033 724 1177 812 Ἀχαιῶν
1198 729 1304 821 ῥίψει,
1319 746 1389 816 (181)

135 837 245 923 χειρὸς
264 832 359 919 ἑλών,
383 832 453 906 ἀπὸ
467 834 606 926 πύργου,
629 839 747 926 λυγρὸν
762 834 923 926 ὄλεθρονε
945 832 977 926 (ἡ
995 837 1113 927 διπλῆ)
1136 835 1188 905 ὅτι
1204 837 1319 905 tacet-⁴

138 950 201 1012 θον
223 943 414 1034 κινηθέντες
443 942 475 1014 οἳ
496 942 574 1032 μεθ’
591 944 740 1037 Ὅμηρον
767 946 905 1036 ποιηταὶ
925 941 1126 1034 ῥιπτόμενον
1146 946 1231 1014 κατὰ
1252 952 1309 1015 τοῦ

136 1047 263 1135 τείχους
283 1049 351 1123 ὑπὸ
375 1058 439 1120 τῶν
457 1051 622 1147 Ἑλλήνιον
644 1050 815 1142 εἰσάγουσι
830 1055 887 1122 τὸν
906 1049 1140 1124 Ἀστυάνακτα.

657 1393 797 1474 Antea,

138 1562 221 1607 uxor
239 1540 363 1620 Proeti;
384 1542 470 1628 apud
489 1544 683 1610 recentiores
705 1543 919 1612 Stheneboea.
954 1546 987 1605 Z
1008 1548 1075 1611 160.
1110 1542 1208 1608 Pater
1229 1543 1306 1621 eius,

139 1651 231 1716 cuius
261 1672 380 1717 nomen
406 1650 493 1736 apud
512 1655 643 1737 poetam
663 1672 731 1718 non
752 1655 815 1732 est,
842 1651 928 1738 apud
953 1648 1148 1717 recentiores
1169 1648 1306 1716 Iobates.

138 1761 170 1821 Z
189 1764 257 1828 170.

606 1885 835 1894 -·-—-·-—n-—-—-

612 2011 828 2097 Aphrodite

137 2157 314 2226 secundum
333 2132 511 2226 Homerum
532 2159 607 2227 Iove
629 2166 714 2230 nata.
746 2165 776 2224 Y
796 2166 864 2230 107.

635 2493 806 2583 Apellen

136 2642 336 2725 aPaeeone‚
358 2645 413 2730 qui
435 2645 568 2729 deorum
588 2646 730 2713 medicus
753 2649 814 2726 est,
836 2645 992 2726 diversus,
1013 2646 1043 2709 E
1062 2648 1132 2714 899.
1169 2643 1306 2722 Quidam

136 2748 219 2819 falso
241 2751 392 2819 Peeeona
414 2772 473 2838 pro
495 2751 647 2838 Apolline
673 2757 882 2840 acceperunt,
913 2755 953 2818 A
973 2758 1033 2821 473
1063 2753 1104 2837 (v.
1126 2752 1192 2817 soh.
1213 2752 1244 2818 h.
1264 2750 1306 2832 1.).

136 2860 282 2945 Apparet
309 2860 347 2925 de
371 2860 556 2927 Aristarcho
585 2883 725 2928 errorem
750 2883 819 2928 esse
846 2862 880 2927 in
906 2860 1006 2928 schol.
1034 2861 1093 2928 od.
1123 2857 1143 2923 (l
1168 2863 1237 2927 231.
1263 2872 1371 2925 -119

137 2967 242 3034 Causa
262 2989 319 3033 cur
340 2989 413 3034 cum
431 2966 586 3055 Neptuno
608 2970 692 3056 apud
706 2969 957 3036 Laomedontem
979 2967 1143 3035 servitium
1164 2967 1307 3046 subierit,

136 3097 156 3141 a
177 3078 275 3160 poeta
295 3096 361 3142 non
381 3076 507 3144 tradita.
542 3080 573 3139 (1)
594 3084 663 3145 444.
699 3076 886 3144 Smintheus
909 3077 1012 3143 dictus
1034 3098 1100 3141 non
1122 3098 1141 3140 a
1161 3076 1306 3140 muribus

136 3175 359 3269 (Ἀρίσταρχος
381 3175 530 3266 ἀπρεπὲς
549 3175 681 3272 ἡγεῖται
702 3177 773 3251 ἀπὸ
786 3186 1014 3268 χαμαιπετοῦς
1037 3175 1123 3271 ζῴου
1144 3180 1202 3248 τὸν
1222 3179 1307 3246 θεὸν

136 3284 288 3377 ἐπιθέτῳ
312 3293 548 3379 κεκοσμῆσθαι
573 3283 640 3358 ὑπὸ
661 3295 720 3362 τοῦ
742 3295 915 3380 ποιητοῦ),
941 3292 998 3359 sed
1019 3291 1060 3359 ab
1080 3292 1160 3357 urbe
1181 3290 1306 3360 Troica.

135 3397 289 3485 Apollon.
311 3400 369 3469 lex.
392 3401 433 3468 H.
456 3409 528 3471 726.

602 3558 832 3569 —————-——

675 3707 772 3772 Ares

134 3850 270 3921 lunonis
291 3854 377 3920 filius
400 3858 457 3933 est,
478 3875 546 3918 non
567 3857 604 3920 nt
625 3856 755 3939 quidam
775 3858 893 3940 putant
911 3853 1033 3939 Enyus.
1069 3854 1100 3917 Ε
1112 3859 1182 3922 892.
1212 3850 1306 3937 Enyo

135 3963 195 4028 dea
215 3963 332 4029 bellice
358 3966 407 4029 est
430 3963 472 4042 (E
491 3966 574 4046 333).
614 3961 692 4029 Inde
713 3964 827 4029 Martis
854 3962 1023 4048 epitheton
1043 3960 1212 4046 Enyalius,
1242 3983 1306 4046 quo

135 4091 195 4135 nec
215 4069 327 4155 Enyns
348 4071 433 4137 filius
455 4069 663 4156 significatur,
685 4094 744 4138 neo
766 4070 851 4157 apud
864 4068 1053 4151 Homerum,
1074 4069 1169 4136 sicuti
1190 4070 1224 4134 in
1245 4070 1307 4134 At-

134 4177 273 4243 ticorum
294 4177 426 4260 fabulis,
450 4178 607 4262 Enyalius
633 4178 711 4246 dene
739 4179 882 4245 aMarte
909 4179 1061 4245 diversus.
1108 4180 1138 4240 P
1156 4183 1215 4244 211
1239 4176 1307 4257 (ubi

133 4284 196 4370 leg.
220 4277 299 4351 οὐδὲ
318 4277 367 4373 ὡς
388 4279 422 4352 οἱ
439 4279 587 4351 Ἀττικοὶ
609 4282 835 4376 διαφέροντα).
872 4287 985 4353 Martis
1007 4286 1064 4352 filii
1086 4288 1163 4352 sunt
1184 4284 1308 4366 Δεῖμος

135 4397 168 4457 et
193 4387 326 4479 Φόβοςῖ
339 4416 408 4461 non
430 4395 498 4462 eius
521 4396 608 4482 equi,
636 4399 674 4461 ut
695 4395 908 4463 Antimachus
935 4395 1012 4460 fecit
1037 4394 1117 4459 falso
1139 4390 1305 4457 intellecto

175 4493 429 4549 cans-‚arnone
1059 4497 1091 4548 12
