3008 4980
575 335 597 386 1.
622 329 663 385 De
680 332 857 388 athetesibus.
1238 342 1300 406 333'

130 497 212 563 moti
233 519 342 563 versus
363 519 455 563 veros
477 520 544 563 non
566 522 635 566 esse
657 501 911 585 pronuntiamus,
933 504 1086 584 quattuor
1106 505 1191 566 sunt.
1227 501 1298 567 Pri·
1315 517 1364 568 333

129 628 218 671 mum
244 604 394 671 deficiens
421 607 598 672 carminum
622 630 785 674 connexus
813 607 864 673 vel
891 607 1083 694 discrepans.
1125 608 1250 675 Deinde
1272 610 1300 674 si

130 713 208 797 quid
223 711 371 796 displicet
390 714 424 778 in
446 718 514 779 arte
535 717 650 798 poetae
671 716 723 780 vel
743 716 777 780 in
803 715 971 780 hominum
987 715 1184 801 deorumque
1204 716 1382 790 factisuis)

130 824 162 885 et
177 822 330 887 moribus,
366 820 451 886 Tum
472 822 500 886 si
523 822 600 906 quid
621 823 655 886 in
677 822 934 907 antiquitatibus,
957 822 1094 906 denique
1117 823 1145 888 si
1167 824 1244 909 quid
1265 825 1299 888 in

130 952 277 995 sermone
299 952 318 994 a
342 933 458 1014 poetae
488 929 719 994 consuetudine
746 929 913 1014 discrepat.
955 929 999 994 Et
1021 928 1205 998 Zenodotus
1228 933 1300 1016 qui·

130 1038 210 1102 dem
228 1037 333 1122 primo
362 1041 395 1102 et
420 1036 561 1103 secundo
583 1058 701 1123 genere
723 1037 906 1104 substitisse
927 1033 1094 1122 reperitur,
1114 1039 1247 1104 tertium
1268 1042 1300 1104 et

130 1148 281 1229 quartum
306 1167 409 1231 genus
435 1144 506 1210 aliis
530 1144 730 1229 relinquens,
762 1145 818 1229 qui
845 1148 946 1211 artem
973 1141 1116 1211 criticam
1137 1168 1210 1210 cum
1231 1150 1299 1212 arte

128 1253 337 1336 grammatica
359 1252 560 1319 coniuncturi
583 1257 681 1319 erant.
723 1251 761 1317 In
787 1251 843 1318 illo
870 1275 946 1319 vero
973 1255 1076 1340 prim0
1099 1257 1132 1318 et
1158 1253 1299 1331 secundo

130 1381 248 1446 genere
275 1364 312 1426 ut
340 1359 497 1445 quaedam
524 1361 617 1444 vidit,
643 1383 725 1445 quae
747 1361 919 1445 posteritas
940 1361 1102 1446 probavit,
1130 1360 1176 1426 sic
1197 1362 1239 1427 ab
1260 1361 1300 1426 iis

131 1469 292 1534 erroribus
307 1489 417 1534 cavere
432 1491 497 1533 non
512 1472 648 1553 poterat,
670 1491 752 1553 quae
770 1469 901 1534 omnino
925 1473 958 1534 et
979 1491 1061 1554 quae
1082 1467 1141 1534 illo
1162 1470 1299 1535 maxime

129 1579 274 1662 tempore
288 1577 323 1641 in
336 1577 397 1643 hac
411 1599 445 1642 re
460 1576 618 1642 declinare
631 1575 865 1643 difficillimum.
889 1574 977 1655 Quot
990 1599 1041 1642 res
1056 1577 1107 1642 vel
1120 1576 1217 1643 hodie
1233 1600 1299 1643 non

129 1682 269 1750 Wolfius
285 1684 342 1750 sed
355 1683 510 1749 Wolfiani
530 1685 616 1750 inter
637 1706 671 1749 sc
693 1683 910 1749 contradicere
931 1677 1140 1764 affirmarunt,
1162 1707 1243 1768 quae
1264 1686 1299 1749 in

128 1795 228 1876 poeta
245 1792 378 1858 minime
400 1791 560 1858 contraria
573 1791 768 1857 videbuntur
789 1791 866 1876 quid
880 1795 995 1876 poetae
1017 1792 1113 1858 liceat
1132 1814 1199 1857 non
1221 1793 1299 1876 qnid

129 1900 273 1965 veritatis
301 1904 434 1984 quaerat
464 1900 614 1965 ieiunitas
640 1898 692 1965 vel
720 1898 947 1984 reputantibus
972 1898 1024 1965 vel
1049 1898 1159 1984 potius
1189 1900 1299 1966 nativo

129 2029 225 2073 sensu
247 2007 377 2074 edoctis.
423 2007 487 2076 Sed
507 2012 545 2073 ut
566 2008 608 2074 ad
628 2006 863 2073 Alexandrinos
891 2028 981 2072 meos
1000 2006 1142 2085 redeam,
1170 2008 1299 2073 initium

128 2113 243 2179 faciam
264 2117 305 2181 ab
326 2116 397 2196 hoc,
420 2115 507 2201 quod
528 2116 569 2180 ad
589 2115 766 2181 secundum
786 2135 890 2200 genus
904 2113 1107 2180 referendum
1127 2115 1196 2182 erit.
1231 2115 1300 2181 Ab·

128 2221 324 2288 iudicaverat
345 2223 531 2290 Zenodotns
552 2223 673 2288 multos
694 2245 805 2288 versus
827 2222 867 2287 ab
889 2221 1032 2289 Homero
1056 2220 1112 2287 διὰ
1133 2219 1171 2288 τὸ
1195 2214 1320 2306 dapes

127 2324 199 2406 ντές,
224 2329 251 2395 si
267 2330 345 2414 quid
358 2331 494 2397 heroum
511 2331 562 2397 rel
583 2332 716 2397 deorum
738 2330 929 2416 gravitatem
950 2330 1057 2396 minus
1080 2330 1190 2396 decere
1211 2330 1299 2396 vide·

127 2437 229 2504 betur.
264 2441 297 2503 A
314 2444 353 2507 88
374 2438 519 2504 Minerva
540 2442 646 2506 sumta
666 2438 747 2504 facie
769 2436 909 2504 laodoci
930 2437 1105 2522 perlustrat
1126 2438 1301 2504 exercitum

128 2544 313 2611 Pandarum
336 2568 504 2631 quaerens:

208 2645 389 2738 Πάνδαρον
410 2646 570 2719 ἀντίθεον
591 2649 757 2740 διζημένη,
780 2645 815 2717 εἴ
832 2675 899 2718 που
922 2647 1068 2739 ἐφεύροι.

207 2748 282 2846 εὗρε
302 2755 485 2838 Λοκόονος
504 2755 577 2829 οἷὸν
599 2753 756 2845 όμόμονό
776 2782 812 2825 τε
833 2753 991 2845 κρατερόν
1011 2783 1056 2829 τε.

129 2867 304 2955 Indignum
335 2870 426 2937 duxit
448 2870 499 2936 dei
520 2891 670 2956 persona,
702 2869 790 2954 quod
816 2870 979 2954 quaerit:
998 2865 1139 2955 ·,,τοο’τηι
1169 2865 1226 2934 καῖ
1251 2871 1299 2956 τῷ

126 2972 199 3062 ἑξῆς
219 2970 442 3063 παράκεινται
464 2976 585 3042 διπλαῖ
604 2970 880 3064 περιεστιγμέναι,
903 2972 954 3043 ὅτι
973 2968 1161 3064 Ζηνόδοτος
1180 2969 1297 3044 τούτου

125 3080 187 3168 μὲν
214 3082 253 3151 τδ
280 3077 530 3172 ᾇκροτελεότιον
558 3081 663 3162 οὕτως
688 3079 811 3174 γράφει
836 3073 936 3170 „cripe
963 3081 1000 3149 δὲ
1020 3076 1157 3170 τόνδε“,’
1181 3083 1240 3151 τὸν
1261 3081 1298 3150 δὲ

127 3186 278 3277 δεύτερον
300 3186 378 3259 οὐδὲ
399 3188 531 3280 μρόφει,
554 3192 661 3259 δοκῶν
683 3186 902 3278 ἀνθρώπινον
922 3190 960 3259 τὸ
984 3191 1088 3280 ζητεῖν
1110 3183 1209 3259 εἶναι·
1235 3217 1296 3258 κα-
1314 3207 1364 3259 333

125 3296 308 3366 ταλέλοιττε
328 3297 422 3367 δὲτὸ
445 3297 609 3389 διζημένη.
645 3294 758 3386 ἀγνοεῖ
774 3298 811 3367 δὲ
826 3296 878 3368 δτι
900 3295 1111 3384 ὁμοιωθεῖσα
1125 3294 1298 3388 Λαοδόκῳ

128 3401 275 3496 όνόμκην
298 3399 383 3491 εἶχεν
404 3401 607 3494 ἀνθρώπινα
629 3404 869 3498 sarcocolam.
890 3448 931 3459 —
952 3413 983 3473 Γ
1001 3416 1071 3487 424,
1093 3411 1147 3475 ubi
1170 3409 1299 3497 Aphro·

130 3518 195 3583 dite
216 3517 361 3584 Helenae
384 3519 500 3585 dicitur
521 3518 632 3585 sellam
653 3519 808 3604 posuisse,
833 3519 913 3584 duos
935 3540 1045 3584 versus
1068 3519 1176 3584 omisit
1194 3519 1301 3584 Zeno·

130 3625 238 3691 dotus:
264 3619 439 3712 „depende
464 3624 526 3711 μὰρ
555 3619 645 3712 αὐτῷ
672 3620 827 3716 ἐφαίνετο
847 3623 886 3693 τὸ
908 3629 947 3715 τῇ
964 3619 1076 3712 Ἑλένη
1096 3623 1154 3712 τὴν
1172 3618 1299 3714 Ἀφρο-

127 3727 220 3819 δίτην
248 3729 369 3822 δίφρον
393 3729 606 3819 βαστάζεινίῑ.
650 3735 710 3802 Oui
735 3734 960 3819 respondetur:
993 3728 1237 3819 ,,διτιλέλησται
1263 3729 1299 3798 δὲ

126 3835 183 3905 ότι
208 3839 288 3925 μραῖ·
311 3835 463 3907 τῖ’κασται
488 3836 666 3931 καὶταύτῃ
693 3845 732 3931 τῇ
752 3845 867 3932 μορφῇ
886 3840 927 3906 τὰ
949 3838 1162 3930 προσήκοντα
1184 3838 1298 3929 ἐπιτη-

127 3943 250 4016 δεότι“.
299 3947 352 4017 Sic
384 3950 472 4036 quod
504 3952 631 4037 spurius
658 3949 826 4022 Zenodoto
857 3951 945 4016 visus
978 3951 1074 4016 locus
1098 3950 1137 4017 de
1165 3949 1297 4016 Briareo
1419 4039 1421 4042 Α

127 4057 180 4141 (A
200 4062 385 4143 seo-406),
408 4059 496 4144 quod
509 4054 616 4144 Ἥρης
638 4053 777 4123 κόλασιν
800 4059 844 4140 (O
868 4062 917 4144 18)
940 4060 1086 4144 eiecerat,
1109 4060 1197 4144 quod
1219 4059 1298 4124 item
1309 4060 1380 4130 (354)

127 4242 190 4280 curn
211 4225 451 4283 observationibus
472 4225 507 4279 de
530 4223 649 4296 Olympo
674 4223 806 4295 νιφόεντι
830 4226 860 4280 et
881 4226 1055 4300 πολυπτύχῳ
1077 4228 1106 4281 et
1128 4226 1163 4281 de
1187 4223 1299 4294 Olympi

126 4313 265 4382 καρήνοις
281 4314 310 4367 et
328 4310 426 4368 ceteris
447 4313 612 4366 occurrerat.
648 4309 762 4365 Talibus
779 4309 956 4377 testimoniis,
980 4310 1063 4380 quale
1080 4308 1163 4379 illud,
1181 4325 1237 4364 non
1255 4305 1297 4363 uti

127 4393 199 4450 ratio
217 4397 267 4451 est.
385 4444 387 4449 Α
1283 4414 1285 4419 ⁴
