<?xml version="1.0" encoding="UTF-8"?>
<!DOCTYPE html PUBLIC "-//W3C//DTD XHTML 1.0 Transitional//EN"
    "http://www.w3.org/TR/xhtml1/DTD/xhtml1-transitional.dtd">
<html xmlns="http://www.w3.org/1999/xhtml" xml:lang="en" lang="en">
 <head>
  <title>
</title>
<meta http-equiv="Content-Type" content="text/html;charset=utf-8" />
  <meta name='ocr-system' content='tesseract 3.04.00' />
  <meta name='ocr-capabilities' content='ocr_page ocr_carea ocr_par ocr_line ocrx_word'/>
</head>
<body>
  <div class='ocr_page' id='page_1' title='image "./dearistarchistu01lehrgoog/dearistarchistu01lehrgoog_0111.png"; bbox 0 0 3008 4980; ppageno 0'>
   <div class='ocr_carea' id='block_1_1' title="bbox 218 302 1299 378">
    <p class='ocr_par' dir='ltr' id='par_1_1' title="bbox 218 302 1299 378">
     <span class='ocr_line' id='line_1_1' title="bbox 218 302 1299 378; baseline 0.003 -19"><span class='ocrx_word' id='word_1_1' title='bbox 218 315 259 376; x_wconf 77' lang='grc'><strong>96</strong></span> <span class='ocrx_word' id='word_1_2' title='bbox 304 305 337 359; x_wconf 93' lang='grc' dir='ltr'><strong>Π.</strong></span> <span class='ocrx_word' id='word_1_3' title='bbox 365 304 407 360; x_wconf 86' lang='lat' dir='ltr'><strong>Do</strong></span> <span class='ocrx_word' id='word_1_4' title='bbox 423 304 599 360; x_wconf 79' lang='lat' dir='ltr'><strong>Aristarchea</strong></span> <span class='ocrx_word' id='word_1_5' title='bbox 616 302 814 361; x_wconf 85' lang='lat' dir='ltr'><strong>vocabulorum</strong></span> <span class='ocrx_word' id='word_1_6' title='bbox 829 303 1040 363; x_wconf 86' lang='lat' dir='ltr'><strong>Homericorum</strong></span> <span class='ocrx_word' id='word_1_7' title='bbox 1054 306 1299 378; x_wconf 72' lang='lat' dir='ltr'><strong>interpretatione.</strong></span> 
     </span>
    </p>
   </div>
   <div class='ocr_carea' id='block_1_2' title="bbox 136 468 1436 4310">
    <p class='ocr_par' dir='ltr' id='par_1_2' title="bbox 136 468 1436 4310">
     <span class='ocr_line' id='line_1_2' title="bbox 219 468 1388 561; baseline 0 -24"><span class='ocrx_word' id='word_1_8' title='bbox 219 472 290 550; x_wconf 79' lang='lat' dir='ltr'><strong>Quo</strong></span> <span class='ocrx_word' id='word_1_9' title='bbox 312 473 384 538; x_wconf 92' lang='lat' dir='ltr'><strong>loco</strong></span> <span class='ocrx_word' id='word_1_10' title='bbox 406 473 622 539; x_wconf 77' lang='lat' dir='ltr'><strong>Aristonicus:</strong></span> <span class='ocrx_word' id='word_1_11' title='bbox 651 468 684 558; x_wconf 79' lang='grc' dir='ltr'><strong>(ἡ</strong></span> <span class='ocrx_word' id='word_1_12' title='bbox 709 471 814 559; x_wconf 79' lang='grc' dir='ltr'><em>διπλῆ</em></span> <span class='ocrx_word' id='word_1_13' title='bbox 836 470 1099 561; x_wconf 78' lang='grc' dir='ltr'><em>περιεστιγμένη)</em></span> <span class='ocrx_word' id='word_1_14' title='bbox 1124 470 1178 539; x_wconf 81' lang='grc' dir='ltr'><em>ὅτι</em></span> <span class='ocrx_word' id='word_1_15' title='bbox 1199 472 1388 560; x_wconf 76' lang='grc' dir='ltr'><strong><em>Ζηνόδοτος</em></strong></span> 
     </span>
     <span class='ocr_line' id='line_1_3' title="bbox 218 568 1389 667; baseline 0.002 -25"><span class='ocrx_word' id='word_1_16' title='bbox 218 572 341 667; x_wconf 81' lang='grc' dir='ltr'><em>γράφει</em></span> <span class='ocrx_word' id='word_1_17' title='bbox 359 576 460 656; x_wconf 70' lang='grc' dir='ltr'><em>θεοὺς</em></span> <span class='ocrx_word' id='word_1_18' title='bbox 478 583 552 667; x_wconf 79' lang='grc' dir='ltr'><em>ῥεῖα</em></span> <span class='ocrx_word' id='word_1_19' title='bbox 573 573 731 659; x_wconf 78' lang='grc' dir='ltr'><strong><em>ζώοντας,</em></strong></span> <span class='ocrx_word' id='word_1_20' title='bbox 756 576 794 659; x_wconf 85' lang='grc' dir='ltr'><strong>έξ</strong></span> <span class='ocrx_word' id='word_1_21' title='bbox 813 568 852 644; x_wconf 81' lang='grc' dir='ltr'><strong>οδ</strong></span> <span class='ocrx_word' id='word_1_22' title='bbox 874 576 1017 666; x_wconf 86' lang='grc' dir='ltr'><em>φανερός</em></span> <span class='ocrx_word' id='word_1_23' title='bbox 1037 577 1108 645; x_wconf 80' lang='grc' dir='ltr'><em>ἐστι</em></span> <span class='ocrx_word' id='word_1_24' title='bbox 1124 577 1210 644; x_wconf 86' lang='grc' dir='ltr'><em>κατὰ</em></span> <span class='ocrx_word' id='word_1_25' title='bbox 1230 577 1271 645; x_wconf 90' lang='grc' dir='ltr'><strong>τδ</strong></span> <span class='ocrx_word' id='word_1_26' title='bbox 1292 604 1389 665; x_wconf 90' lang='grc' dir='ltr'><em>περι-</em></span> 
     </span>
     <span class='ocr_line' id='line_1_4' title="bbox 217 678 1389 778; baseline 0.001 -28"><span class='ocrx_word' id='word_1_27' title='bbox 217 683 390 768; x_wconf 84' lang='grc' dir='ltr'><em>σπώμενον</em></span> <span class='ocrx_word' id='word_1_28' title='bbox 404 680 595 772; x_wconf 77' lang='grc' dir='ltr'><em>ἀνεγνωκὼς</em></span> <span class='ocrx_word' id='word_1_29' title='bbox 616 678 664 775; x_wconf 64' lang='grc' dir='ltr'><strong>,μη</strong></span> <span class='ocrx_word' id='word_1_30' title='bbox 678 683 710 751; x_wconf 84' lang='grc' dir='ltr'><strong>δ’</strong></span> <span class='ocrx_word' id='word_1_31' title='bbox 734 681 884 770; x_wconf 50' lang='grc' dir='ltr'><em>δι’μοδιςῆ</em></span> <span class='ocrx_word' id='word_1_32' title='bbox 904 683 944 752; x_wconf 75' lang='grc' dir='ltr'><em>ἵν’</em></span> <span class='ocrx_word' id='word_1_33' title='bbox 967 681 988 778; x_wconf 80' lang='grc' dir='ltr'><strong><em>ᾗ</em></strong></span> <span class='ocrx_word' id='word_1_34' title='bbox 1008 682 1083 775; x_wconf 73' lang='grc' dir='ltr'><em>ἔφη,</em></span> <span class='ocrx_word' id='word_1_35' title='bbox 1105 682 1152 765; x_wconf 80' lang='grc' dir='ltr'><em>ὡς</em></span> <span class='ocrx_word' id='word_1_36' title='bbox 1171 684 1243 753; x_wconf 72' lang='grc' dir='ltr'><em>ἐκεῖ</em></span> <span class='ocrx_word' id='word_1_37' title='bbox 1262 678 1312 776; x_wconf 67' lang='lat' dir='ltr'><strong>’sti</strong></span> <span class='ocrx_word' id='word_1_38' title='bbox 1332 685 1389 752; x_wconf 82' lang='grc' dir='ltr'><strong>καί</strong></span> 
     </span>
     <span class='ocr_line' id='line_1_5' title="bbox 169 787 1387 883; baseline 0.002 -27"><span class='ocrx_word' id='word_1_39' title='bbox 169 789 202 840; x_wconf 78' lang='grc'><strong>96</strong></span> <span class='ocrx_word' id='word_1_40' title='bbox 220 791 422 881; x_wconf 43' lang='grc' dir='ltr'><em>κυανέῃσινόί.</em></span> <span class='ocrx_word' id='word_1_41' title='bbox 445 789 584 883; x_wconf 78' lang='grc' dir='ltr'><em>ἠγνόηκε</em></span> <span class='ocrx_word' id='word_1_42' title='bbox 599 792 636 859; x_wconf 82' lang='grc' dir='ltr'><strong>δέ</strong></span> <span class='ocrx_word' id='word_1_43' title='bbox 650 791 702 861; x_wconf 81' lang='grc' dir='ltr'><em>ὅτι</em></span> <span class='ocrx_word' id='word_1_44' title='bbox 720 790 779 859; x_wconf 83' lang='grc' dir='ltr'><strong>έπί</strong></span> <span class='ocrx_word' id='word_1_45' title='bbox 794 816 862 860; x_wconf 93' lang='grc' dir='ltr'><em>τισι</em></span> <span class='ocrx_word' id='word_1_46' title='bbox 876 792 1131 881; x_wconf 77' lang='grc' dir='ltr'><strong><em>προειρημένοις</em></strong></span> <span class='ocrx_word' id='word_1_47' title='bbox 1150 790 1289 859; x_wconf 75' lang='grc' dir='ltr'><em>τίθεται</em></span> <span class='ocrx_word' id='word_1_48' title='bbox 1308 787 1387 880; x_wconf 73' lang='grc' dir='ltr'><em>παρ’</em></span> 
     </span>
     <span class='ocr_line' id='line_1_6' title="bbox 215 893 1388 990; baseline 0.003 -25"><span class='ocrx_word' id='word_1_49' title='bbox 215 894 350 987; x_wconf 80' lang='grc' dir='ltr'><em>Ὁμήρῳ</em></span> <span class='ocrx_word' id='word_1_50' title='bbox 371 900 409 967; x_wconf 85' lang='grc' dir='ltr'><strong>τὸ</strong></span> <span class='ocrx_word' id='word_1_51' title='bbox 429 893 470 989; x_wconf 74' lang='grc' dir='ltr'><strong>ἦ,</strong></span> <span class='ocrx_word' id='word_1_52' title='bbox 503 897 562 968; x_wconf 75' lang='grc' dir='ltr'><strong>οὐκ</strong></span> <span class='ocrx_word' id='word_1_53' title='bbox 589 899 624 967; x_wconf 82' lang='grc' dir='ltr'><em>ἐν</em></span> <span class='ocrx_word' id='word_1_54' title='bbox 651 895 733 990; x_wconf 81' lang='grc' dir='ltr'><em>ἀρχῇ</em></span> <span class='ocrx_word' id='word_1_55' title='bbox 761 899 867 985; x_wconf 82' lang='grc' dir='ltr'><em>λόγον.</em></span> <span class='ocrx_word' id='word_1_56' title='bbox 908 902 997 968; x_wconf 87' lang='lat' dir='ltr'><strong>Idem</strong></span> <span class='ocrx_word' id='word_1_57' title='bbox 1019 903 1050 967; x_wconf 92' lang='lat' dir='ltr'><strong>h.</strong></span> <span class='ocrx_word' id='word_1_58' title='bbox 1071 903 1093 967; x_wconf 87' lang='grc'><strong>1.</strong></span> <span class='ocrx_word' id='word_1_59' title='bbox 1115 904 1266 969; x_wconf 79' lang='lat' dir='ltr'><strong>observat</strong></span> <span class='ocrx_word' id='word_1_60' title='bbox 1286 903 1388 988; x_wconf 89' lang='lat' dir='ltr'><strong>Didy-</strong></span> 
     </span>
     <span class='ocr_line' id='line_1_7' title="bbox 218 1009 1388 1095; baseline 0.001 -21"><span class='ocrx_word' id='word_1_61' title='bbox 218 1033 298 1076; x_wconf 85' lang='lat' dir='ltr'><strong>mus.</strong></span> <span class='ocrx_word' id='word_1_62' title='bbox 334 1010 531 1095; x_wconf 80' lang='lat' dir='ltr'><strong>Porphyrius</strong></span> <span class='ocrx_word' id='word_1_63' title='bbox 549 1011 590 1075; x_wconf 83' lang='lat' dir='ltr'><strong>ed</strong></span> <span class='ocrx_word' id='word_1_64' title='bbox 604 1012 633 1072; x_wconf 82' lang='grc' dir='ltr'><strong><em>Ε</em></strong></span> <span class='ocrx_word' id='word_1_65' title='bbox 646 1015 706 1078; x_wconf 86' lang='grc'><strong>533</strong></span> <span class='ocrx_word' id='word_1_66' title='bbox 729 1014 762 1075; x_wconf 91' lang='lat' dir='ltr'><strong>et</strong></span> <span class='ocrx_word' id='word_1_67' title='bbox 782 1009 845 1074; x_wconf 90' lang='lat' dir='ltr'><strong>hoc</strong></span> <span class='ocrx_word' id='word_1_68' title='bbox 865 1011 951 1074; x_wconf 86' lang='lat' dir='ltr'><strong>idem</strong></span> <span class='ocrx_word' id='word_1_69' title='bbox 972 1014 1202 1075; x_wconf 79' lang='lat' dir='ltr'><strong>commemorat</strong></span> <span class='ocrx_word' id='word_1_70' title='bbox 1224 1014 1259 1075; x_wconf 88' lang='lat' dir='ltr'><strong>et</strong></span> <span class='ocrx_word' id='word_1_71' title='bbox 1279 1011 1388 1095; x_wconf 84' lang='lat' dir='ltr'><strong>plures</strong></span> 
     </span>
     <span class='ocr_line' id='line_1_8' title="bbox 136 1107 1388 1203; baseline -0.001 -21"><span class='ocrx_word' id='word_1_72' title='bbox 136 1119 206 1190; x_wconf 76' lang='lat'>(105)</span> <span class='ocrx_word' id='word_1_73' title='bbox 220 1118 358 1201; x_wconf 80' lang='lat' dir='ltr'><strong>exquirit</strong></span> <span class='ocrx_word' id='word_1_74' title='bbox 377 1118 608 1183; x_wconf 82' lang='lat' dir='ltr'><strong>vocabulorum</strong></span> <span class='ocrx_word' id='word_1_75' title='bbox 629 1107 699 1202; x_wconf 70' lang='grc' dir='ltr'><strong>ηέί</strong></span> <span class='ocrx_word' id='word_1_76' title='bbox 720 1120 770 1203; x_wconf 82' lang='grc' dir='ltr'><strong>φῆ</strong></span> <span class='ocrx_word' id='word_1_77' title='bbox 792 1118 995 1183; x_wconf 75' lang='lat' dir='ltr'><strong>differentias.</strong></span> <span class='ocrx_word' id='word_1_78' title='bbox 1029 1116 1133 1182; x_wconf 86' lang='lat' dir='ltr'><strong>Nobis</strong></span> <span class='ocrx_word' id='word_1_79' title='bbox 1154 1117 1388 1182; x_wconf 84' lang='lat' dir='ltr'><strong>attendendum</strong></span> 
     </span>
     <span class='ocr_line' id='line_1_9' title="bbox 218 1216 1389 1312; baseline -0.001 -23"><span class='ocrx_word' id='word_1_80' title='bbox 218 1230 267 1289; x_wconf 88' lang='lat' dir='ltr'><strong>est</strong></span> <span class='ocrx_word' id='word_1_81' title='bbox 291 1225 362 1289; x_wconf 90' lang='lat' dir='ltr'><strong>illas</strong></span> <span class='ocrx_word' id='word_1_82' title='bbox 386 1225 540 1290; x_wconf 83' lang='lat' dir='ltr'><strong>formulas</strong></span> <span class='ocrx_word' id='word_1_83' title='bbox 569 1216 589 1312; x_wconf 82' lang='grc' dir='ltr'><em>ἦ</em></span> <span class='ocrx_word' id='word_1_84' title='bbox 616 1218 675 1288; x_wconf 91' lang='grc' dir='ltr'><strong>καί</strong></span> <span class='ocrx_word' id='word_1_85' title='bbox 701 1216 780 1311; x_wconf 65' lang='lat' dir='ltr'><strong>ete}</strong></span> <span class='ocrx_word' id='word_1_86' title='bbox 814 1230 856 1309; x_wconf 84' lang='grc' dir='ltr'><strong>ρα</strong></span> <span class='ocrx_word' id='word_1_87' title='bbox 877 1219 936 1288; x_wconf 87' lang='grc' dir='ltr'><strong>καί</strong></span> <span class='ocrx_word' id='word_1_88' title='bbox 961 1225 1000 1290; x_wconf 83' lang='lat' dir='ltr'><strong>ab</strong></span> <span class='ocrx_word' id='word_1_89' title='bbox 1026 1224 1120 1289; x_wconf 89' lang='lat' dir='ltr'><strong>initio</strong></span> <span class='ocrx_word' id='word_1_90' title='bbox 1147 1246 1300 1290; x_wconf 90' lang='lat' dir='ltr'><strong>versuum</strong></span> <span class='ocrx_word' id='word_1_91' title='bbox 1321 1229 1389 1289; x_wconf 85' lang='lat' dir='ltr'><strong>tam</strong></span> 
     </span>
     <span class='ocr_line' id='line_1_10' title="bbox 216 1331 1388 1416; baseline -0.001 -20"><span class='ocrx_word' id='word_1_92' title='bbox 216 1331 324 1397; x_wconf 86' lang='lat' dir='ltr'><strong>firmas</strong></span> <span class='ocrx_word' id='word_1_93' title='bbox 345 1332 444 1397; x_wconf 88' lang='lat' dir='ltr'><strong>fuisse</strong></span> <span class='ocrx_word' id='word_1_94' title='bbox 464 1335 499 1397; x_wconf 90' lang='lat' dir='ltr'><strong>in</strong></span> <span class='ocrx_word' id='word_1_95' title='bbox 519 1333 575 1397; x_wconf 85' lang='lat' dir='ltr'><strong>illa</strong></span> <span class='ocrx_word' id='word_1_96' title='bbox 595 1333 728 1416; x_wconf 82' lang='lat' dir='ltr'><strong>antiqua</strong></span> <span class='ocrx_word' id='word_1_97' title='bbox 757 1333 902 1398; x_wconf 85' lang='lat' dir='ltr'><strong>oratione</strong></span> <span class='ocrx_word' id='word_1_98' title='bbox 925 1337 964 1397; x_wconf 91' lang='lat' dir='ltr'><strong>ut</strong></span> <span class='ocrx_word' id='word_1_99' title='bbox 987 1354 1059 1397; x_wconf 88' lang='lat' dir='ltr'><strong>raro</strong></span> <span class='ocrx_word' id='word_1_100' title='bbox 1086 1331 1209 1416; x_wconf 86' lang='lat' dir='ltr'><strong>aliquid</strong></span> <span class='ocrx_word' id='word_1_101' title='bbox 1233 1331 1388 1395; x_wconf 84' lang='lat' dir='ltr'><strong>immuta-</strong></span> 
     </span>
     <span class='ocr_line' id='line_1_11' title="bbox 216 1437 1389 1522; baseline 0 -20"><span class='ocrx_word' id='word_1_102' title='bbox 216 1439 316 1503; x_wconf 89' lang='lat' dir='ltr'><strong>tionis</strong></span> <span class='ocrx_word' id='word_1_103' title='bbox 341 1439 473 1520; x_wconf 78' lang='lat' dir='ltr'><strong>ferrent,</strong></span> <span class='ocrx_word' id='word_1_104' title='bbox 504 1439 625 1505; x_wconf 85' lang='lat' dir='ltr'><strong>ferrent</strong></span> <span class='ocrx_word' id='word_1_105' title='bbox 648 1443 765 1505; x_wconf 83' lang='lat' dir='ltr'><strong>tamen</strong></span> <span class='ocrx_word' id='word_1_106' title='bbox 812 1439 984 1505; x_wconf 84' lang='lat' dir='ltr'><strong>Passovius</strong></span> <span class='ocrx_word' id='word_1_107' title='bbox 1011 1439 1140 1522; x_wconf 87' lang='lat' dir='ltr'><strong>quidem</strong></span> <span class='ocrx_word' id='word_1_108' title='bbox 1168 1438 1257 1522; x_wconf 88' lang='lat' dir='ltr'><strong>quod</strong></span> <span class='ocrx_word' id='word_1_109' title='bbox 1278 1437 1389 1517; x_wconf 75' lang='lat' dir='ltr'><strong>semel,</strong></span> 
     </span>
     <span class='ocr_line' id='line_1_12' title="bbox 216 1536 1385 1631; baseline -0.002 -21"><span class='ocrx_word' id='word_1_110' title='bbox 216 1547 336 1625; x_wconf 78' lang='lat' dir='ltr'><strong>nteit,</strong></span> <span class='ocrx_word' id='word_1_111' title='bbox 367 1546 547 1611; x_wconf 86' lang='lat' dir='ltr'><strong>subiectum</strong></span> <span class='ocrx_word' id='word_1_112' title='bbox 573 1548 759 1611; x_wconf 85' lang='lat' dir='ltr'><strong>adiunctum</strong></span> <span class='ocrx_word' id='word_1_113' title='bbox 783 1551 869 1611; x_wconf 89' lang='lat' dir='ltr'><strong>esset</strong></span> <span class='ocrx_word' id='word_1_114' title='bbox 893 1547 928 1610; x_wconf 91' lang='lat' dir='ltr'><strong>in</strong></span> <span class='ocrx_word' id='word_1_115' title='bbox 949 1536 971 1631; x_wconf 75' lang='grc' dir='ltr'><em>ἦ</em></span> <span class='ocrx_word' id='word_1_116' title='bbox 992 1549 1034 1628; x_wconf 84' lang='grc' dir='ltr'><strong>ῥα</strong></span> <span class='ocrx_word' id='word_1_117' title='bbox 1056 1542 1132 1630; x_wconf 83' lang='grc' dir='ltr'><em>γονὴ</em></span> <span class='ocrx_word' id='word_1_118' title='bbox 1156 1539 1277 1630; x_wconf 83' lang='grc' dir='ltr'><em>ταμίη·</em></span> <span class='ocrx_word' id='word_1_119' title='bbox 1311 1539 1329 1611; x_wconf 86' lang='grc' dir='ltr'><strong>ὁ</strong></span> <span class='ocrx_word' id='word_1_120' title='bbox 1352 1537 1385 1608; x_wconf 83' lang='grc' dir='ltr'><strong>δ’</strong></span> 
     </span>
     <span class='ocr_line' id='line_1_13' title="bbox 216 1646 1409 1741; baseline 0.003 -26"><span class='ocrx_word' id='word_1_121' title='bbox 216 1646 384 1717; x_wconf 80' lang='grc' dir='ltr'><strong>ἀπέσσυτο</strong></span> <span class='ocrx_word' id='word_1_122' title='bbox 411 1647 565 1733; x_wconf 79' lang='grc' dir='ltr'><strong>δώματος</strong></span> <span class='ocrx_word' id='word_1_123' title='bbox 581 1650 709 1735; x_wconf 81' lang='grc' dir='ltr'><em>Ἕκτωρ</em></span> <span class='ocrx_word' id='word_1_124' title='bbox 734 1658 778 1738; x_wconf 90' lang='grc' dir='ltr'><strong>(Ζ</strong></span> <span class='ocrx_word' id='word_1_125' title='bbox 801 1658 886 1737; x_wconf 87' lang='grc'><strong>399),</strong></span> <span class='ocrx_word' id='word_1_126' title='bbox 915 1653 950 1718; x_wconf 87' lang='lat' dir='ltr'><strong>id</strong></span> <span class='ocrx_word' id='word_1_127' title='bbox 974 1657 1158 1738; x_wconf 83' lang='lat' dir='ltr'><strong>suspectum</strong></span> <span class='ocrx_word' id='word_1_128' title='bbox 1183 1653 1313 1734; x_wconf 79' lang='lat' dir='ltr'><strong>habuit,</strong></span> <span class='ocrx_word' id='word_1_129' title='bbox 1340 1654 1409 1741; x_wconf 81' lang='grc' dir='ltr'><strong>φῆ.</strong></span> 
     </span>
     <span class='ocr_line' id='line_1_14' title="bbox 217 1760 726 1826; baseline 0 0"><span class='ocrx_word' id='word_1_130' title='bbox 217 1760 454 1826; x_wconf 87' lang='lat' dir='ltr'><strong>commendans.</strong></span> <span class='ocrx_word' id='word_1_131' title='bbox 490 1760 555 1826; x_wconf 80' lang='lat' dir='ltr'><strong>sed</strong></span> <span class='ocrx_word' id='word_1_132' title='bbox 576 1765 625 1826; x_wconf 90' lang='lat' dir='ltr'><strong>est</strong></span> <span class='ocrx_word' id='word_1_133' title='bbox 646 1763 726 1826; x_wconf 90' lang='lat' dir='ltr'><strong>item</strong></span> 
     </span>
     <span class='ocr_line' id='line_1_15' title="bbox 256 1858 1275 1953; baseline -0.002 -21"><span class='ocrx_word' id='word_1_134' title='bbox 256 1858 278 1953; x_wconf 76' lang='grc' dir='ltr'><em>ἦ</em></span> <span class='ocrx_word' id='word_1_135' title='bbox 300 1861 330 1952; x_wconf 76' lang='grc' dir='ltr'><strong>ῥ’</strong></span> <span class='ocrx_word' id='word_1_136' title='bbox 355 1861 374 1932; x_wconf 88' lang='grc' dir='ltr'><em>δ</em></span> <span class='ocrx_word' id='word_1_137' title='bbox 396 1864 512 1951; x_wconf 88' lang='grc' dir='ltr'><em>γέρων·</em></span> <span class='ocrx_word' id='word_1_138' title='bbox 534 1866 659 1944; x_wconf 85' lang='grc' dir='ltr'><em>πολιὰς</em></span> <span class='ocrx_word' id='word_1_139' title='bbox 680 1862 711 1931; x_wconf 76' lang='grc' dir='ltr'><strong>δ’</strong></span> <span class='ocrx_word' id='word_1_140' title='bbox 736 1860 787 1953; x_wconf 73' lang='grc' dir='ltr'><strong>ἄρ’</strong></span> <span class='ocrx_word' id='word_1_141' title='bbox 811 1861 876 1933; x_wconf 79' lang='grc' dir='ltr'><em>ἀνὰ</em></span> <span class='ocrx_word' id='word_1_142' title='bbox 897 1862 1008 1951; x_wconf 82' lang='grc' dir='ltr'><em>τρίχας</em></span> <span class='ocrx_word' id='word_1_143' title='bbox 1028 1863 1141 1933; x_wconf 75' lang='grc' dir='ltr'><em>ἕλκετο</em></span> <span class='ocrx_word' id='word_1_144' title='bbox 1162 1861 1275 1949; x_wconf 84' lang='grc' dir='ltr'><em>χερσίν</em></span> 
     </span>
     <span class='ocr_line' id='line_1_16' title="bbox 216 1976 791 2060; baseline 0.005 -23"><span class='ocrx_word' id='word_1_145' title='bbox 216 1979 254 2037; x_wconf 85' lang='grc' dir='ltr'><em>Χ</em></span> <span class='ocrx_word' id='word_1_146' title='bbox 272 1981 320 2041; x_wconf 92' lang='grc'><strong>77.</strong></span> <span class='ocrx_word' id='word_1_147' title='bbox 356 1979 397 2039; x_wconf 85' lang='lat' dir='ltr'><strong>Et</strong></span> <span class='ocrx_word' id='word_1_148' title='bbox 418 1980 494 2040; x_wconf 85' lang='lat' dir='ltr'><strong>sunt</strong></span> <span class='ocrx_word' id='word_1_149' title='bbox 514 1981 679 2060; x_wconf 81' lang='lat' dir='ltr'><strong>praeterea</strong></span> <span class='ocrx_word' id='word_1_150' title='bbox 698 1976 791 2041; x_wconf 85' lang='lat' dir='ltr'><strong>haec:</strong></span> 
     </span>
     <span class='ocr_line' id='line_1_17' title="bbox 256 2072 1283 2169; baseline 0.005 -23"><span class='ocrx_word' id='word_1_151' title='bbox 256 2072 278 2167; x_wconf 73' lang='grc' dir='ltr'><em>ἦ</em></span> <span class='ocrx_word' id='word_1_152' title='bbox 301 2074 332 2164; x_wconf 80' lang='grc' dir='ltr'><strong>ῥ’</strong></span> <span class='ocrx_word' id='word_1_153' title='bbox 357 2079 428 2164; x_wconf 77' lang='grc' dir='ltr'><strong>ἅμα</strong></span> <span class='ocrx_word' id='word_1_154' title='bbox 449 2105 485 2146; x_wconf 88' lang='grc' dir='ltr'><strong>τε</strong></span> <span class='ocrx_word' id='word_1_155' title='bbox 505 2079 706 2163; x_wconf 82' lang='grc' dir='ltr'><em>προσέειπεν</em></span> <span class='ocrx_word' id='word_1_156' title='bbox 723 2077 892 2169; x_wconf 77' lang='grc' dir='ltr'><em>Ὀδυσσῆα</em></span> <span class='ocrx_word' id='word_1_157' title='bbox 913 2078 1148 2165; x_wconf 71' lang='grc' dir='ltr'><em>πτολίπορθον</em></span> <span class='ocrx_word' id='word_1_158' title='bbox 1169 2104 1190 2147; x_wconf 95' lang='grc' dir='ltr'><em>σ</em></span> <span class='ocrx_word' id='word_1_159' title='bbox 1211 2088 1283 2151; x_wconf 91' lang='grc'><strong>356.</strong></span> 
     </span>
     <span class='ocr_line' id='line_1_18' title="bbox 256 2179 1295 2280; baseline 0.006 -28"><span class='ocrx_word' id='word_1_160' title='bbox 256 2179 279 2274; x_wconf 71' lang='grc' dir='ltr'><em>ἦ</em></span> <span class='ocrx_word' id='word_1_161' title='bbox 300 2182 343 2271; x_wconf 73' lang='grc' dir='ltr'><strong>ῥ’,</strong></span> <span class='ocrx_word' id='word_1_162' title='bbox 363 2181 512 2270; x_wconf 72' lang='grc' dir='ltr'><em>Ἀχιλεδς</em></span> <span class='ocrx_word' id='word_1_163' title='bbox 533 2185 564 2254; x_wconf 73' lang='grc' dir='ltr'><strong>δ’</strong></span> <span class='ocrx_word' id='word_1_164' title='bbox 589 2185 756 2276; x_wconf 75' lang='grc' dir='ltr'><em>ἑτάροισιν</em></span> <span class='ocrx_word' id='word_1_165' title='bbox 778 2184 829 2254; x_wconf 79' lang='grc' dir='ltr'><strong>ἰδέ</strong></span> <span class='ocrx_word' id='word_1_166' title='bbox 851 2190 980 2280; x_wconf 77' lang='grc' dir='ltr'><em>δμωῇσι</em></span> <span class='ocrx_word' id='word_1_167' title='bbox 1000 2187 1150 2255; x_wconf 82' lang='grc' dir='ltr'><em>κέλευσεν</em></span> <span class='ocrx_word' id='word_1_168' title='bbox 1171 2191 1203 2253; x_wconf 90' lang='grc' dir='ltr'><strong>Ω</strong></span> <span class='ocrx_word' id='word_1_169' title='bbox 1223 2196 1295 2258; x_wconf 93' lang='grc'><strong>643.</strong></span> 
     </span>
     <span class='ocr_line' id='line_1_19' title="bbox 258 2287 1325 2382; baseline 0.002 -22"><span class='ocrx_word' id='word_1_170' title='bbox 258 2287 281 2382; x_wconf 71' lang='grc' dir='ltr'><strong>η’</strong></span> <span class='ocrx_word' id='word_1_171' title='bbox 302 2290 333 2382; x_wconf 73' lang='grc' dir='ltr'><strong>ῥ’</strong></span> <span class='ocrx_word' id='word_1_172' title='bbox 357 2287 394 2360; x_wconf 79' lang='grc' dir='ltr'><strong>εδ</strong></span> <span class='ocrx_word' id='word_1_173' title='bbox 412 2294 610 2381; x_wconf 81' lang='grc' dir='ltr'><em>γιγνώσκων,</em></span> <span class='ocrx_word' id='word_1_174' title='bbox 638 2301 755 2381; x_wconf 83' lang='grc' dir='ltr'><em>Τρῶας</em></span> <span class='ocrx_word' id='word_1_175' title='bbox 773 2292 806 2361; x_wconf 77' lang='grc' dir='ltr'><strong>δ’</strong></span> <span class='ocrx_word' id='word_1_176' title='bbox 833 2292 912 2378; x_wconf 82' lang='grc' dir='ltr'><em>όίχος</em></span> <span class='ocrx_word' id='word_1_177' title='bbox 932 2294 1053 2379; x_wconf 79' lang='grc' dir='ltr'><em>έλλαβε</em></span> <span class='ocrx_word' id='word_1_178' title='bbox 1074 2294 1182 2378; x_wconf 73' lang='grc' dir='ltr'><em>δομόν</em></span> <span class='ocrx_word' id='word_1_179' title='bbox 1202 2294 1236 2366; x_wconf 85' lang='grc' dir='ltr'><em>Ξ</em></span> <span class='ocrx_word' id='word_1_180' title='bbox 1253 2305 1325 2365; x_wconf 89' lang='grc'><strong>475.</strong></span> 
     </span>
     <span class='ocr_line' id='line_1_20' title="bbox 218 2396 1388 2492; baseline -0.001 -24"><span class='ocrx_word' id='word_1_181' title='bbox 218 2403 255 2468; x_wconf 92' lang='lat' dir='ltr'><strong>In</strong></span> <span class='ocrx_word' id='word_1_182' title='bbox 282 2405 399 2489; x_wconf 90' lang='lat' dir='ltr'><strong>quibus</strong></span> <span class='ocrx_word' id='word_1_183' title='bbox 421 2411 529 2471; x_wconf 83' lang='lat' dir='ltr'><strong>tamen</strong></span> <span class='ocrx_word' id='word_1_184' title='bbox 555 2396 579 2492; x_wconf 74' lang='grc' dir='ltr'><em>ἦ</em></span> <span class='ocrx_word' id='word_1_185' title='bbox 600 2409 641 2488; x_wconf 86' lang='grc' dir='ltr'><strong>ῥα</strong></span> <span class='ocrx_word' id='word_1_186' title='bbox 663 2411 799 2472; x_wconf 85' lang='lat' dir='ltr'><strong>tenetur.</strong></span> <span class='ocrx_word' id='word_1_187' title='bbox 848 2406 921 2471; x_wconf 89' lang='lat' dir='ltr'><strong>Uno</strong></span> <span class='ocrx_word' id='word_1_188' title='bbox 945 2429 983 2472; x_wconf 91' lang='lat' dir='ltr'><strong>eo</strong></span> <span class='ocrx_word' id='word_1_189' title='bbox 1005 2407 1093 2485; x_wconf 82' lang='lat' dir='ltr'><strong>locu,</strong></span> <span class='ocrx_word' id='word_1_190' title='bbox 1122 2406 1178 2470; x_wconf 91' lang='lat' dir='ltr'><strong>ubi</strong></span> <span class='ocrx_word' id='word_1_191' title='bbox 1204 2428 1264 2470; x_wconf 89' lang='lat' dir='ltr'><strong>nec</strong></span> <span class='ocrx_word' id='word_1_192' title='bbox 1288 2397 1309 2492; x_wconf 79' lang='grc' dir='ltr'><em>ἦ</em></span> <span class='ocrx_word' id='word_1_193' title='bbox 1331 2399 1388 2468; x_wconf 89' lang='grc' dir='ltr'><strong>καί</strong></span> 
     </span>
     <span class='ocr_line' id='line_1_21' title="bbox 219 2505 752 2599; baseline 0 -22"><span class='ocrx_word' id='word_1_194' title='bbox 219 2535 278 2578; x_wconf 89' lang='lat' dir='ltr'><strong>nec</strong></span> <span class='ocrx_word' id='word_1_195' title='bbox 299 2505 322 2599; x_wconf 76' lang='grc' dir='ltr'><strong>η’</strong></span> <span class='ocrx_word' id='word_1_196' title='bbox 343 2517 385 2599; x_wconf 80' lang='grc' dir='ltr'><strong>ῥα</strong></span> <span class='ocrx_word' id='word_1_197' title='bbox 407 2519 463 2593; x_wconf 87' lang='lat' dir='ltr'><strong>est,</strong></span> <span class='ocrx_word' id='word_1_198' title='bbox 489 2519 520 2576; x_wconf 81' lang='grc'><strong>(1)</strong></span> <span class='ocrx_word' id='word_1_199' title='bbox 541 2519 609 2594; x_wconf 84' lang='grc'><strong>361,</strong></span> <span class='ocrx_word' id='word_1_200' title='bbox 631 2514 752 2599; x_wconf 84' lang='lat' dir='ltr'><strong>legitur</strong></span> 
     </span>
     <span class='ocr_line' id='line_1_22' title="bbox 363 2614 1232 2708; baseline -0.002 -24"><span class='ocrx_word' id='word_1_201' title='bbox 363 2625 411 2708; x_wconf 84' lang='grc' dir='ltr'><strong>φῆ</strong></span> <span class='ocrx_word' id='word_1_202' title='bbox 433 2619 512 2701; x_wconf 86' lang='grc' dir='ltr'><em>πορί</em></span> <span class='ocrx_word' id='word_1_203' title='bbox 533 2618 719 2704; x_wconf 84' lang='grc' dir='ltr'><em>καιόμενος,</em></span> <span class='ocrx_word' id='word_1_204' title='bbox 744 2614 808 2685; x_wconf 79' lang='grc' dir='ltr'><em>ἀνὰ</em></span> <span class='ocrx_word' id='word_1_205' title='bbox 828 2616 864 2684; x_wconf 83' lang='grc' dir='ltr'><strong>δέ</strong></span> <span class='ocrx_word' id='word_1_206' title='bbox 886 2616 970 2708; x_wconf 84' lang='grc' dir='ltr'><em>φλόε</em></span> <span class='ocrx_word' id='word_1_207' title='bbox 990 2617 1078 2684; x_wconf 87' lang='grc' dir='ltr'><em>καλὰ</em></span> <span class='ocrx_word' id='word_1_208' title='bbox 1099 2615 1232 2704; x_wconf 67' lang='grc' dir='ltr'><em>ῥέεθρα.</em></span> 
     </span>
     <span class='ocr_line' id='line_1_23' title="bbox 219 2726 1436 2818; baseline 0.001 -24"><span class='ocrx_word' id='word_1_209' title='bbox 219 2727 323 2806; x_wconf 82' lang='lat' dir='ltr'><strong>Quare</strong></span> <span class='ocrx_word' id='word_1_210' title='bbox 353 2734 403 2794; x_wconf 88' lang='lat' dir='ltr'><strong>est</strong></span> <span class='ocrx_word' id='word_1_211' title='bbox 430 2752 485 2793; x_wconf 87' lang='lat' dir='ltr'><strong>cur</strong></span> <span class='ocrx_word' id='word_1_212' title='bbox 511 2731 663 2795; x_wconf 89' lang='lat' dir='ltr'><strong>miremur</strong></span> <span class='ocrx_word' id='word_1_213' title='bbox 687 2731 722 2793; x_wconf 92' lang='lat' dir='ltr'><strong>in</strong></span> <span class='ocrx_word' id='word_1_214' title='bbox 747 2729 874 2814; x_wconf 85' lang='lat' dir='ltr'><strong>hymnis</strong></span> <span class='ocrx_word' id='word_1_215' title='bbox 901 2731 951 2816; x_wconf 76' lang='grc' dir='ltr'><strong>φῆ</strong></span> <span class='ocrx_word' id='word_1_216' title='bbox 975 2730 1017 2814; x_wconf 80' lang='grc' dir='ltr'><strong>ῥα</strong></span> <span class='ocrx_word' id='word_1_217' title='bbox 1039 2726 1119 2805; x_wconf 71' lang='grc' dir='ltr'><em>θεά,</em></span> <span class='ocrx_word' id='word_1_218' title='bbox 1142 2729 1234 2792; x_wconf 85' lang='lat' dir='ltr'><strong>Dem</strong></span> <span class='ocrx_word' id='word_1_219' title='bbox 1259 2736 1317 2795; x_wconf 91' lang='grc'><strong>145</strong></span> <span class='ocrx_word' id='word_1_220' title='bbox 1341 2729 1362 2809; x_wconf 84' lang='grc'><strong>(“</strong></span> <span class='ocrx_word' id='word_1_221' title='bbox 1433 2813 1436 2818; x_wconf 23' lang='lat'><strong><em>¹</em></strong></span> 
     </span>
     <span class='ocr_line' id='line_1_24' title="bbox 218 2829 1386 2924; baseline 0.003 -24"><span class='ocrx_word' id='word_1_222' title='bbox 218 2859 282 2920; x_wconf 92' lang='lat' dir='ltr'><strong>quo</strong></span> <span class='ocrx_word' id='word_1_223' title='bbox 309 2860 428 2901; x_wconf 87' lang='lat' dir='ltr'><strong>novum</strong></span> <span class='ocrx_word' id='word_1_224' title='bbox 455 2839 488 2902; x_wconf 88' lang='lat' dir='ltr'><strong>in</strong></span> <span class='ocrx_word' id='word_1_225' title='bbox 518 2838 656 2902; x_wconf 86' lang='lat' dir='ltr'><strong>formula</strong></span> <span class='ocrx_word' id='word_1_226' title='bbox 681 2829 727 2913; x_wconf 76' lang='grc' dir='ltr'><strong>ιδς</strong></span> <span class='ocrx_word' id='word_1_227' title='bbox 754 2830 804 2919; x_wconf 71' lang='grc' dir='ltr'><strong>ἄρ’</strong></span> <span class='ocrx_word' id='word_1_228' title='bbox 828 2831 892 2924; x_wconf 75' lang='grc' dir='ltr'><strong>ἔφη</strong></span> <span class='ocrx_word' id='word_1_229' title='bbox 915 2836 1059 2900; x_wconf 87' lang='lat' dir='ltr'><strong>additum</strong></span> <span class='ocrx_word' id='word_1_230' title='bbox 1080 2835 1273 2916; x_wconf 86' lang='lat' dir='ltr'><strong>subiectum,</strong></span> <span class='ocrx_word' id='word_1_231' title='bbox 1298 2859 1328 2901; x_wconf 90' lang='lat' dir='ltr'><strong>v.</strong></span> <span class='ocrx_word' id='word_1_232' title='bbox 1347 2843 1386 2904; x_wconf 92' lang='grc'><strong>59</strong></span> 
     </span>
     <span class='ocr_line' id='line_1_25' title="bbox 218 2934 1386 3031; baseline 0.003 -26"><span class='ocrx_word' id='word_1_233' title='bbox 218 2934 264 3018; x_wconf 82' lang='grc' dir='ltr'><em>δίς</em></span> <span class='ocrx_word' id='word_1_234' title='bbox 285 2938 340 3028; x_wconf 69' lang='grc' dir='ltr'><strong>ἄρ’</strong></span> <span class='ocrx_word' id='word_1_235' title='bbox 364 2938 428 3031; x_wconf 83' lang='grc' dir='ltr'><strong>έφη</strong></span> <span class='ocrx_word' id='word_1_236' title='bbox 447 2940 576 3031; x_wconf 80' lang='grc' dir='ltr'><em>Ἑκάτη)</em></span> <span class='ocrx_word' id='word_1_237' title='bbox 609 2948 659 3031; x_wconf 78' lang='grc' dir='ltr'><em>ηνη</em></span> <span class='ocrx_word' id='word_1_238' title='bbox 680 2938 711 3029; x_wconf 74' lang='grc' dir='ltr'><strong>ῥ’</strong></span> <span class='ocrx_word' id='word_1_239' title='bbox 738 2937 756 3008; x_wconf 86' lang='grc' dir='ltr'><em>δ</em></span> <span class='ocrx_word' id='word_1_240' title='bbox 780 2941 897 3028; x_wconf 89' lang='grc' dir='ltr'><em>γέρων,</em></span> <span class='ocrx_word' id='word_1_241' title='bbox 919 2944 1015 3008; x_wconf 87' lang='lat' dir='ltr'><strong>Merc.</strong></span> <span class='ocrx_word' id='word_1_242' title='bbox 1036 2951 1096 3010; x_wconf 79' lang='lat'><strong>212</strong></span> <span class='ocrx_word' id='word_1_243' title='bbox 1119 2935 1154 3027; x_wconf 82' lang='grc' dir='ltr'><strong>(ἧ</strong></span> <span class='ocrx_word' id='word_1_244' title='bbox 1175 2940 1234 3007; x_wconf 88' lang='grc' dir='ltr'><strong>καί</strong></span> <span class='ocrx_word' id='word_1_245' title='bbox 1254 2948 1305 3009; x_wconf 82' lang='lat' dir='ltr'><strong>est</strong></span> <span class='ocrx_word' id='word_1_246' title='bbox 1325 2943 1386 3027; x_wconf 88' lang='lat' dir='ltr'><strong>Ap.</strong></span> 
     </span>
     <span class='ocr_line' id='line_1_26' title="bbox 219 3039 1386 3136; baseline 0.002 -19"><span class='ocrx_word' id='word_1_247' title='bbox 219 3055 300 3134; x_wconf 90' lang='grc'><strong>382).</strong></span> <span class='ocrx_word' id='word_1_248' title='bbox 324 3091 363 3102; x_wconf 85' lang='lat'><em>-</em></span> <span class='ocrx_word' id='word_1_249' title='bbox 384 3052 481 3136; x_wconf 85' lang='lat' dir='ltr'>Apud</span> <span class='ocrx_word' id='word_1_250' title='bbox 498 3051 710 3136; x_wconf 86' lang='lat' dir='ltr'><strong>Apollonium</strong></span> <span class='ocrx_word' id='word_1_251' title='bbox 731 3041 941 3136; x_wconf 72' lang='grc' dir='ltr'><strong>1111061611ιῆ</strong></span> <span class='ocrx_word' id='word_1_252' title='bbox 969 3044 1000 3136; x_wconf 74' lang='grc' dir='ltr'><strong>ῥ’</strong></span> <span class='ocrx_word' id='word_1_253' title='bbox 1029 3047 1100 3132; x_wconf 77' lang='grc' dir='ltr'><strong>ἅμα</strong></span> <span class='ocrx_word' id='word_1_254' title='bbox 1129 3045 1188 3114; x_wconf 93' lang='grc' dir='ltr'><strong>καί</strong></span> <span class='ocrx_word' id='word_1_255' title='bbox 1207 3050 1238 3116; x_wconf 83' lang='grc' dir='ltr'><strong>ΙΙ</strong></span> <span class='ocrx_word' id='word_1_256' title='bbox 1260 3057 1329 3118; x_wconf 89' lang='grc'><strong>619.</strong></span> <span class='ocrx_word' id='word_1_257' title='bbox 1365 3039 1386 3136; x_wconf 81' lang='grc' dir='ltr'><strong><em>ἦ</em></strong></span> 
     </span>
     <span class='ocr_line' id='line_1_27' title="bbox 218 3151 1387 3246; baseline 0 -25"><span class='ocrx_word' id='word_1_258' title='bbox 218 3160 259 3241; x_wconf 85' lang='grc' dir='ltr'><strong>ῥα</strong></span> <span class='ocrx_word' id='word_1_259' title='bbox 276 3157 362 3241; x_wconf 86' lang='grc' dir='ltr'><em>μέγα</em></span> <span class='ocrx_word' id='word_1_260' title='bbox 377 3154 640 3246; x_wconf 80' lang='grc' dir='ltr'><strong>φρονέωνΙ348.</strong></span> <span class='ocrx_word' id='word_1_261' title='bbox 662 3158 694 3222; x_wconf 90' lang='grc' dir='ltr'><strong><em>Π</em></strong></span> <span class='ocrx_word' id='word_1_262' title='bbox 711 3166 757 3226; x_wconf 89' lang='grc'><strong>19.</strong></span> <span class='ocrx_word' id='word_1_263' title='bbox 793 3151 876 3246; x_wconf 80' lang='grc' dir='ltr'><strong>ἦρα</strong></span> <span class='ocrx_word' id='word_1_264' title='bbox 897 3154 1190 3246; x_wconf 84' lang='grc' dir='ltr'><em>περιφραδέωςΠΙ</em></span> <span class='ocrx_word' id='word_1_265' title='bbox 1211 3165 1282 3226; x_wconf 92' lang='grc'><strong>947.</strong></span> <span class='ocrx_word' id='word_1_266' title='bbox 1322 3157 1387 3224; x_wconf 86' lang='lat' dir='ltr'><strong>Sed</strong></span> 
     </span>
     <span class='ocr_line' id='line_1_28' title="bbox 218 3258 1387 3353; baseline -0.001 -25"><span class='ocrx_word' id='word_1_267' title='bbox 218 3267 303 3350; x_wconf 88' lang='lat' dir='ltr'><strong>apud</strong></span> <span class='ocrx_word' id='word_1_268' title='bbox 324 3268 461 3332; x_wconf 88' lang='lat' dir='ltr'><strong>eundem</strong></span> <span class='ocrx_word' id='word_1_269' title='bbox 488 3268 539 3353; x_wconf 76' lang='grc' dir='ltr'><strong>φῆ</strong></span> <span class='ocrx_word' id='word_1_270' title='bbox 560 3269 602 3349; x_wconf 85' lang='grc' dir='ltr'><strong>ῥα</strong></span> <span class='ocrx_word' id='word_1_271' title='bbox 625 3261 859 3352; x_wconf 86' lang='grc' dir='ltr'><em>χαλεψάμενος</em></span> <span class='ocrx_word' id='word_1_272' title='bbox 879 3265 926 3331; x_wconf 88' lang='lat' dir='ltr'><strong>HI</strong></span> <span class='ocrx_word' id='word_1_273' title='bbox 946 3271 1016 3334; x_wconf 88' lang='grc'><strong>382.</strong></span> <span class='ocrx_word' id='word_1_274' title='bbox 1057 3269 1105 3353; x_wconf 76' lang='grc' dir='ltr'><strong>φῆ</strong></span> <span class='ocrx_word' id='word_1_275' title='bbox 1126 3268 1168 3349; x_wconf 86' lang='grc' dir='ltr'><strong>ῥα</strong></span> <span class='ocrx_word' id='word_1_276' title='bbox 1188 3258 1387 3350; x_wconf 78' lang='grc' dir='ltr'><em>κασιγνήτης</em></span> 
     </span>
     <span class='ocr_line' id='line_1_29' title="bbox 217 3361 1384 3459; baseline 0.001 -24"><span class='ocrx_word' id='word_1_277' title='bbox 217 3371 407 3459; x_wconf 88' lang='grc' dir='ltr'><em>πειρωμένη</em></span> <span class='ocrx_word' id='word_1_278' title='bbox 432 3372 480 3438; x_wconf 92' lang='grc' dir='ltr'><strong>ΠΙ</strong></span> <span class='ocrx_word' id='word_1_279' title='bbox 505 3379 575 3441; x_wconf 89' lang='grc'><strong>693.</strong></span> <span class='ocrx_word' id='word_1_280' title='bbox 623 3372 683 3454; x_wconf 80' lang='lat' dir='ltr'><strong>(Of.</strong></span> <span class='ocrx_word' id='word_1_281' title='bbox 710 3361 756 3447; x_wconf 78' lang='grc' dir='ltr'><em>δίς</em></span> <span class='ocrx_word' id='word_1_282' title='bbox 785 3364 837 3456; x_wconf 68' lang='grc' dir='ltr'><strong>ἄρ’</strong></span> <span class='ocrx_word' id='word_1_283' title='bbox 868 3366 931 3459; x_wconf 80' lang='grc' dir='ltr'><strong>ἔφη</strong></span> <span class='ocrx_word' id='word_1_284' title='bbox 963 3368 1085 3449; x_wconf 89' lang='grc' dir='ltr'><em>πόσιος</em></span> <span class='ocrx_word' id='word_1_285' title='bbox 1110 3368 1298 3458; x_wconf 83' lang='grc' dir='ltr'><em>πειρωμένη</em></span> <span class='ocrx_word' id='word_1_286' title='bbox 1325 3372 1384 3437; x_wconf 75' lang='grc'><strong>06.</strong></span> 
     </span>
     <span class='ocr_line' id='line_1_30' title="bbox 217 3479 1386 3564; baseline -0.003 -18"><span class='ocrx_word' id='word_1_287' title='bbox 217 3484 345 3563; x_wconf 79' lang='grc' dir='ltr'><strong>ψ181.)</strong></span> <span class='ocrx_word' id='word_1_288' title='bbox 379 3481 424 3547; x_wconf 84' lang='lat' dir='ltr'><strong>Et</strong></span> <span class='ocrx_word' id='word_1_289' title='bbox 437 3483 465 3546; x_wconf 89' lang='lat' dir='ltr'><strong>is</strong></span> <span class='ocrx_word' id='word_1_290' title='bbox 479 3482 614 3546; x_wconf 86' lang='lat' dir='ltr'><strong>fortasse</strong></span> <span class='ocrx_word' id='word_1_291' title='bbox 629 3479 712 3544; x_wconf 85' lang='lat' dir='ltr'><strong>hanc</strong></span> <span class='ocrx_word' id='word_1_292' title='bbox 730 3480 917 3544; x_wconf 83' lang='lat' dir='ltr'><strong>varietatem</strong></span> <span class='ocrx_word' id='word_1_293' title='bbox 939 3483 1105 3564; x_wconf 85' lang='lat' dir='ltr'><strong>quaesivit.</strong></span> <span class='ocrx_word' id='word_1_294' title='bbox 1142 3481 1205 3559; x_wconf 81' lang='lat' dir='ltr'><strong>Qui</strong></span> <span class='ocrx_word' id='word_1_295' title='bbox 1225 3502 1293 3545; x_wconf 92' lang='lat' dir='ltr'><strong>non</strong></span> <span class='ocrx_word' id='word_1_296' title='bbox 1307 3501 1386 3544; x_wconf 92' lang='lat' dir='ltr'><strong>con-</strong></span> 
     </span>
     <span class='ocr_line' id='line_1_31' title="bbox 218 3582 1386 3675; baseline -0.002 -25"><span class='ocrx_word' id='word_1_297' title='bbox 218 3592 326 3651; x_wconf 88' lang='lat' dir='ltr'><strong>tentus</strong></span> <span class='ocrx_word' id='word_1_298' title='bbox 348 3588 494 3652; x_wconf 85' lang='lat' dir='ltr'><strong>formulis</strong></span> <span class='ocrx_word' id='word_1_299' title='bbox 520 3588 699 3653; x_wconf 84' lang='lat' dir='ltr'><strong>Homericis</strong></span> <span class='ocrx_word' id='word_1_300' title='bbox 725 3588 803 3651; x_wconf 82' lang='lat' dir='ltr'><strong>fecit</strong></span> <span class='ocrx_word' id='word_1_301' title='bbox 828 3588 925 3652; x_wconf 82' lang='lat' dir='ltr'><strong>etiam</strong></span> <span class='ocrx_word' id='word_1_302' title='bbox 947 3592 997 3675; x_wconf 78' lang='grc' dir='ltr'><strong>φῆ</strong></span> <span class='ocrx_word' id='word_1_303' title='bbox 1024 3582 1103 3671; x_wconf 82' lang='grc' dir='ltr'><em>δίρα·</em></span> <span class='ocrx_word' id='word_1_304' title='bbox 1136 3583 1319 3674; x_wconf 84' lang='grc' dir='ltr'><em>Χαλκιόπη</em></span> <span class='ocrx_word' id='word_1_305' title='bbox 1349 3583 1386 3649; x_wconf 89' lang='grc' dir='ltr'><strong>δέ</strong></span> 
     </span>
     <span class='ocr_line' id='line_1_32' title="bbox 217 3687 1385 3783; baseline -0.001 -26"><span class='ocrx_word' id='word_1_306' title='bbox 217 3692 354 3761; x_wconf 83' lang='lat'>111718.</span> <span class='ocrx_word' id='word_1_307' title='bbox 391 3700 450 3783; x_wconf 77' lang='grc' dir='ltr'><strong>φη·</strong></span> <span class='ocrx_word' id='word_1_308' title='bbox 476 3688 494 3761; x_wconf 85' lang='grc' dir='ltr'><em>δ</em></span> <span class='ocrx_word' id='word_1_309' title='bbox 524 3689 555 3758; x_wconf 79' lang='grc' dir='ltr'><strong>δ’</strong></span> <span class='ocrx_word' id='word_1_310' title='bbox 585 3689 641 3777; x_wconf 58' lang='grc' dir='ltr'><strong>όρ)</strong></span> <span class='ocrx_word' id='word_1_311' title='bbox 666 3687 960 3778; x_wconf 82' lang='grc' dir='ltr'><em>δοτραγόλοοςΙΠ</em></span> <span class='ocrx_word' id='word_1_312' title='bbox 982 3704 1050 3764; x_wconf 89' lang='grc'><strong>154.</strong></span> <span class='ocrx_word' id='word_1_313' title='bbox 1094 3687 1140 3773; x_wconf 81' lang='grc' dir='ltr'><em>δίς</em></span> <span class='ocrx_word' id='word_1_314' title='bbox 1160 3688 1245 3782; x_wconf 80' lang='grc' dir='ltr'><em>ηδδα</em></span> <span class='ocrx_word' id='word_1_315' title='bbox 1266 3693 1314 3759; x_wconf 89' lang='grc' dir='ltr'><strong>ΠΙ</strong></span> <span class='ocrx_word' id='word_1_316' title='bbox 1336 3700 1385 3760; x_wconf 90' lang='grc'><strong>75.</strong></span> 
     </span>
     <span class='ocr_line' id='line_1_33' title="bbox 218 3794 1386 3892; baseline 0 -27"><span class='ocrx_word' id='word_1_317' title='bbox 218 3807 286 3867; x_wconf 87' lang='grc'><strong>564.</strong></span> <span class='ocrx_word' id='word_1_318' title='bbox 307 3808 376 3868; x_wconf 93' lang='grc'><strong>912.</strong></span> <span class='ocrx_word' id='word_1_319' title='bbox 398 3801 446 3867; x_wconf 91' lang='lat' dir='ltr'><strong>IV</strong></span> <span class='ocrx_word' id='word_1_320' title='bbox 466 3810 514 3871; x_wconf 93' lang='grc'><strong>99.</strong></span> <span class='ocrx_word' id='word_1_321' title='bbox 538 3809 627 3872; x_wconf 88' lang='grc'><strong>1386.</strong></span> <span class='ocrx_word' id='word_1_322' title='bbox 653 3810 739 3871; x_wconf 89' lang='grc'><strong>1562.</strong></span> <span class='ocrx_word' id='word_1_323' title='bbox 774 3794 879 3866; x_wconf 77' lang='grc' dir='ltr'><em>ἴσκεν·</em></span> <span class='ocrx_word' id='word_1_324' title='bbox 909 3800 1072 3892; x_wconf 74' lang='grc' dir='ltr'><em>ἐπῄνησαν</em></span> <span class='ocrx_word' id='word_1_325' title='bbox 1094 3801 1131 3869; x_wconf 87' lang='grc' dir='ltr'><strong>δέ</strong></span> <span class='ocrx_word' id='word_1_326' title='bbox 1151 3802 1223 3869; x_wconf 91' lang='grc' dir='ltr'><em>νέοι</em></span> <span class='ocrx_word' id='word_1_327' title='bbox 1243 3800 1291 3866; x_wconf 91' lang='lat' dir='ltr'><strong>III</strong></span> <span class='ocrx_word' id='word_1_328' title='bbox 1312 3809 1386 3868; x_wconf 75' lang='lat'><strong>555:</strong></span> 
     </span>
     <span class='ocr_line' id='line_1_34' title="bbox 218 3901 1386 4000; baseline 0.003 -28"><span class='ocrx_word' id='word_1_329' title='bbox 218 3908 274 3972; x_wconf 88' lang='lat' dir='ltr'><strong>sed</strong></span> <span class='ocrx_word' id='word_1_330' title='bbox 294 3907 341 3973; x_wconf 90' lang='grc' dir='ltr'><strong>ΠΙ</strong></span> <span class='ocrx_word' id='word_1_331' title='bbox 366 3917 424 3976; x_wconf 91' lang='grc'><strong>194</strong></span> <span class='ocrx_word' id='word_1_332' title='bbox 441 3901 488 3986; x_wconf 75' lang='grc' dir='ltr'><em>δίς</em></span> <span class='ocrx_word' id='word_1_333' title='bbox 508 3904 598 3998; x_wconf 72' lang='grc' dir='ltr'><em>φάτ’·</em></span> <span class='ocrx_word' id='word_1_334' title='bbox 625 3908 792 4000; x_wconf 72' lang='grc' dir='ltr'><em>ἐπῄνησαν</em></span> <span class='ocrx_word' id='word_1_335' title='bbox 818 3906 855 3974; x_wconf 81' lang='grc' dir='ltr'><strong>δέ</strong></span> <span class='ocrx_word' id='word_1_336' title='bbox 876 3906 957 3976; x_wconf 89' lang='grc' dir='ltr'><em>νέοι.</em></span> <span class='ocrx_word' id='word_1_337' title='bbox 998 3905 1090 3975; x_wconf 82' lang='grc' dir='ltr'><em>ἰ’σκεν</em></span> <span class='ocrx_word' id='word_1_338' title='bbox 1115 3905 1330 3998; x_wconf 84' lang='grc' dir='ltr'><em>Ἀγηνορίδης</em></span> <span class='ocrx_word' id='word_1_339' title='bbox 1355 3909 1386 3975; x_wconf 93' lang='grc' dir='ltr'><strong><em>Π</em></strong></span> 
     </span>
     <span class='ocr_line' id='line_1_35' title="bbox 218 4009 1385 4103; baseline -0.002 -21"><span class='ocrx_word' id='word_1_340' title='bbox 218 4022 288 4084; x_wconf 89' lang='grc'><strong>240.</strong></span> <span class='ocrx_word' id='word_1_341' title='bbox 332 4010 423 4081; x_wconf 80' lang='grc' dir='ltr'><em>ἴσκεν</em></span> <span class='ocrx_word' id='word_1_342' title='bbox 452 4009 643 4103; x_wconf 78' lang='grc' dir='ltr'><em>ἀπηλεγέως</em></span> <span class='ocrx_word' id='word_1_343' title='bbox 668 4018 715 4083; x_wconf 93' lang='grc' dir='ltr'><strong>ΠΙ</strong></span> <span class='ocrx_word' id='word_1_344' title='bbox 743 4024 815 4095; x_wconf 87' lang='grc'><strong>439;</strong></span> <span class='ocrx_word' id='word_1_345' title='bbox 853 4023 886 4082; x_wconf 84' lang='lat' dir='ltr'><strong>et</strong></span> <span class='ocrx_word' id='word_1_346' title='bbox 914 4019 1074 4084; x_wconf 86' lang='lat' dir='ltr'><strong>adamavit</strong></span> <span class='ocrx_word' id='word_1_347' title='bbox 1104 4019 1191 4084; x_wconf 83' lang='lat' dir='ltr'><strong>istud</strong></span> <span class='ocrx_word' id='word_1_348' title='bbox 1216 4012 1318 4084; x_wconf 75' lang='grc' dir='ltr'><em>ἴσκεν,</em></span> <span class='ocrx_word' id='word_1_349' title='bbox 1344 4054 1385 4067; x_wconf 87' lang='lat'><strong>-—</strong></span> 
     </span>
     <span class='ocr_line' id='line_1_36' title="bbox 218 4117 1387 4212; baseline 0.001 -24"><span class='ocrx_word' id='word_1_350' title='bbox 218 4123 408 4189; x_wconf 77' lang='lat' dir='ltr'><strong>Theocritus</strong></span> <span class='ocrx_word' id='word_1_351' title='bbox 429 4159 469 4168; x_wconf 92' lang='lat'><strong>-—</strong></span> <span class='ocrx_word' id='word_1_352' title='bbox 491 4126 576 4211; x_wconf 87' lang='lat' dir='ltr'><strong>apud</strong></span> <span class='ocrx_word' id='word_1_353' title='bbox 591 4148 687 4210; x_wconf 92' lang='lat' dir='ltr'><strong>quem</strong></span> <span class='ocrx_word' id='word_1_354' title='bbox 704 4133 754 4205; x_wconf 88' lang='grc'><strong>25,</strong></span> <span class='ocrx_word' id='word_1_355' title='bbox 768 4132 808 4194; x_wconf 89' lang='grc'><strong>84</strong></span> <span class='ocrx_word' id='word_1_356' title='bbox 827 4117 905 4212; x_wconf 75' lang='grc' dir='ltr'><strong>ἧρα</strong></span> <span class='ocrx_word' id='word_1_357' title='bbox 927 4126 984 4190; x_wconf 82' lang='grc' dir='ltr'><strong>καί</strong></span> <span class='ocrx_word' id='word_1_358' title='bbox 1002 4123 1185 4209; x_wconf 83' lang='grc' dir='ltr'><em>ἐσσυμένως</em></span> <span class='ocrx_word' id='word_1_359' title='bbox 1205 4123 1285 4191; x_wconf 84' lang='grc' dir='ltr'><em>ποτὶ</em></span> <span class='ocrx_word' id='word_1_360' title='bbox 1304 4118 1387 4189; x_wconf 81' lang='grc' dir='ltr'><em>τωδ-</em></span> 
     </span>
     <span class='ocr_line' id='line_1_37' title="bbox 219 4220 1386 4310; baseline 0.011 -18"><span class='ocrx_word' id='word_1_361' title='bbox 219 4229 291 4297; x_wconf 88' lang='grc' dir='ltr'><em>λίον</em></span> <span class='ocrx_word' id='word_1_362' title='bbox 316 4220 383 4310; x_wconf 84' lang='grc' dir='ltr'><em>ἷξον</em></span> <span class='ocrx_word' id='word_1_363' title='bbox 413 4225 518 4308; x_wconf 83' lang='grc' dir='ltr'><em>ἰόντες</em></span> <span class='ocrx_word' id='word_1_364' title='bbox 542 4232 746 4298; x_wconf 86' lang='lat' dir='ltr'><strong>Hermannus</strong></span> <span class='ocrx_word' id='word_1_365' title='bbox 778 4235 813 4298; x_wconf 90' lang='lat' dir='ltr'><strong>in</strong></span> <span class='ocrx_word' id='word_1_366' title='bbox 834 4235 1083 4301; x_wconf 87' lang='lat' dir='ltr'><strong>Zimmermanni</strong></span> <span class='ocrx_word' id='word_1_367' title='bbox 1109 4236 1278 4300; x_wconf 82' lang='lat' dir='ltr'><strong>annalibus</strong></span> <span class='ocrx_word' id='word_1_368' title='bbox 1307 4242 1386 4305; x_wconf 86' lang='grc'><strong>1849</strong></span> 
     </span>
    </p>
   </div>
   <div class='ocr_carea' id='block_1_3' title="bbox 219 4331 1387 4430">
    <p class='ocr_par' dir='ltr' id='par_1_3' title="bbox 219 4331 1387 4430">
     <span class='ocr_line' id='line_1_38' title="bbox 219 4331 1387 4430; baseline 0.003 -23"><span class='ocrx_word' id='word_1_369' title='bbox 219 4362 250 4424; x_wconf 88' lang='lat' dir='ltr'><strong>p.</strong></span> <span class='ocrx_word' id='word_1_370' title='bbox 265 4346 324 4407; x_wconf 86' lang='grc'><strong>975</strong></span> <span class='ocrx_word' id='word_1_371' title='bbox 346 4340 535 4405; x_wconf 85' lang='lat' dir='ltr'><strong>mutandum</strong></span> <span class='ocrx_word' id='word_1_372' title='bbox 550 4341 675 4406; x_wconf 88' lang='lat' dir='ltr'><strong>censuit</strong></span> <span class='ocrx_word' id='word_1_373' title='bbox 688 4342 722 4405; x_wconf 92' lang='lat' dir='ltr'><strong>in</strong></span> <span class='ocrx_word' id='word_1_374' title='bbox 736 4331 760 4428; x_wconf 72' lang='grc' dir='ltr'><em>ἦ</em></span> <span class='ocrx_word' id='word_1_375' title='bbox 774 4346 815 4428; x_wconf 81' lang='grc' dir='ltr'><strong>ῥα</strong></span> <span class='ocrx_word' id='word_1_376' title='bbox 829 4337 907 4424; x_wconf 61' lang='grc' dir='ltr'><em>μάλ)</em></span> <span class='ocrx_word' id='word_1_377' title='bbox 930 4339 1113 4425; x_wconf 76' lang='grc' dir='ltr'><em>ἐσσυμένως</em></span> <span class='ocrx_word' id='word_1_378' title='bbox 1135 4339 1172 4406; x_wconf 89' lang='grc' dir='ltr'><strong>δέ</strong></span> <span class='ocrx_word' id='word_1_379' title='bbox 1192 4378 1232 4387; x_wconf 90' lang='lat'><strong>-—</strong></span> <span class='ocrx_word' id='word_1_380' title='bbox 1253 4350 1387 4430; x_wconf 81' lang='lat' dir='ltr'><strong>propter</strong></span> 
     </span>
    </p>
   </div>
   <div class='ocr_carea' id='block_1_4' title="bbox 0 0 1511 4980">
    <p class='ocr_par' dir='ltr' id='par_1_4' title="bbox 0 0 1511 4980">
     <span class='ocr_line' id='line_1_39' title="bbox 0 0 1511 4980; baseline 0 0"><span class='ocrx_word' id='word_1_381' title='bbox 0 0 1511 4980; x_wconf 95' lang='lat' dir='ltr'><strong> </strong></span> 
     </span>
    </p>
   </div>
  </div>
 </body>
</html>
