3008 4980
563 335 585 385 3.
611 323 720 400 κωφός.
743 321 768 385 ὦ
784 322 884 388 νότιοι.
1249 342 1307 403 119

136 498 286 562 restitues
300 517 359 580 pro
375 489 403 560 a*
417 491 538 576 πόποι,
558 502 597 565 ut
611 498 743 583 reliquis
765 499 845 564 locis
865 500 1057 584 comparatis
1079 499 1229 565 facillime
1250 502 1308 564 ubi

138 627 219 690 opus
242 608 291 670 est
305 606 415 670 ποποῖ
436 610 469 670 et
488 608 604 670 παπαῖ
623 611 656 671 et
677 597 705 670 ὦ
726 601 844 672 πόποι.
878 607 943 673 Sed
963 607 1055 671 illum
1076 610 1184 672 tamen
1202 607 1307 673 'l'heo-

138 713 247 798 gnosti
262 711 378 792 locum,
400 713 456 796 qui
471 713 611 796 primum
629 714 853 798 inspicientem
874 715 926 779 vel
947 715 1005 779 tali
1026 714 1191 793 vocabulo,
1214 715 1307 798 quale

138 824 188 886 est
203 818 408 904 dampnoso,
430 823 536 899 terret,
551 821 677 886 videtur
691 844 710 886 a
724 821 818 886 nobis
830 822 986 905 postulari
1000 845 1095 906 posse
1109 825 1147 887 ut
1162 823 1307 887 emenda-

138 929 253 994 tiorem
271 926 555 1006 transscribamus,
580 928 642 994 hoc
663 929 729 995 fere
749 931 859 996 modo:
884 926 926 992 τὰ
949 921 997 1005 εἷς
1022 951 1057 994 οι
1077 927 1307 1008 σχετλιαστικὰ

139 1027 361 1119 δικατόληκτα
387 1031 444 1097 διὰ
471 1037 531 1119 τῆς
552 1056 585 1099 οι
609 1029 799 1122 διφθόγγσυ
823 1029 999 1124 γράφεται·
1034 1026 1130 1102 εἶπον
1152 1033 1188 1100 δὲ
1211 1035 1308 1100 δικα-

137 1135 292 1228 τόληκτα,
317 1137 391 1206 ἐπεὶ
407 1139 582 1205 ταῦτακαὶ
604 1140 661 1206 διὰ
681 1147 742 1229 τῆς
763 1167 797 1208 οι
818 1142 875 1209 καὶ
897 1142 954 1209 διὰ
976 1146 1036 1230 τῆς
1057 1168 1094 1208 αι
1117 1139 1307 1229 διφδόγγου

137 1245 299 1337 γράφεται
307 1242 483 1314 δτοτοῖκαὶ
491 1242 614 1328 ότοταῖ,
633 1244 702 1316 οἰοῖ
710 1245 789 1330 οἰαῖ,
807 1245 901 1334 αἰβοῖ
911 1245 1013 1335 αἰβοῖ.
1033 1245 1128 1332 οἴμοι
1138 1249 1195 1317 καὶ
1207 1245 1305 1333 δόμοι,

138 1346 202 1443 (οὗ)
225 1350 262 1423 οὐ
285 1354 362 1440 περὶ
380 1354 440 1442 τὴν
462 1350 643 1445 λήγουσαν,
667 1352 755 1423 ἀλλὰ
776 1358 853 1444 περὶ
873 1358 933 1446 τὴν
954 1354 1117 1444 δι’ρχουσαν
1137 1358 1175 1423 τὸ
1199 1357 1310 1426 διττὸν

137 1458 187 1554 ἦν.
223 1463 261 1530 τὸ
293 1456 473 1551 <όῖρχουσαν
499 1487 537 1530 το
566 1464 762 1552 διττομηστο
785 1467 868 1552 σοδ.>
904 1458 932 1532 τό
961 1462 1072 1533 πόποι
1100 1465 1173 1531 δυσὶ
1197 1459 1309 1544 τόνοις

136 1567 338 1659 χρησάμενον
367 1566 515 1657 ἔμφασιν
548 1568 661 1638 ἐδίδου
693 1565 738 1651 ὦς
771 1567 836 1659 δ’ρα
868 1570 927 1641 δύο
961 1571 1044 1663 μέρη
1082 1573 1180 1659 λόγου
1216 1569 1307 1643 εἰσίν.

134 1675 348 1766 Ἀρίσταρχος
360 1676 401 1770 δέ
416 1702 517 1768 φησιν
536 1674 709 1745 ἀπίθανον
724 1671 861 1748 εἶναιτὸ
876 1681 933 1764 τὸν
948 1679 1016 1749 Δία
1031 1674 1060 1748 ὦ
1073 1682 1181 1749 πόποι
1202 1678 1308 1767 λέγειν

137 1789 277 1875 (scripsit
307 1788 442 1854 fortasse
469 1778 497 1852 ὦ
525 1785 635 1853 πόποι
662 1778 735 1854 οἷον
760 1780 789 1854 ὦ
811 1789 891 1856 θεοὶ
912 1788 1032 1874 λέγειν,
1060 1813 1254 1876 quamquam
1276 1795 1309 1856 et

138 1920 204 1963 non
231 1897 386 1981 scriptum
411 1896 624 1982 intelligitur).
662 1889 735 1959 ἀλλ’
763 1894 837 1963 ἐπεὶ
862 1893 933 1964 ἔδει
952 1897 990 1964 τὸ
1013 1891 1102 1985 <stt
1127 1895 1244 1983 ἐπειδὴ
1269 1895 1307 1963 τὸ

137 2004 221 2088 cod>
250 1997 361 2067 πόποι
384 2000 631 2082 οχετλιαστικδν
655 1997 804 2087 ὑπάρχον·
830 2000 908 2072 drea
933 2009 993 2072 τοῦ
1020 1996 1048 2070 ὦ
1070 2001 1231 2090 λέγεσθαι
1251 2003 1308 2071 καὶ

137 2109 212 2176 ἐπεὶ
232 2105 411 2197 (triopae,
436 2107 492 2175 καὶ
514 2102 590 2174 ἄνευ
612 2115 671 2177 τοῦ
693 2136 719 2176 ιο
742 2109 882 2197 λέγεται,
908 2110 982 2179 ἐπεὶ
1003 2115 1086 2199 cod>
1109 2110 1309 2196 nunciaretur

138 2212 229 2304 αὐτῷ
242 2216 280 2282 τὸ
295 2221 420 2296 παπαῖ,
444 2214 527 2282 ὥστε
542 2211 628 2304 εἰμὴ
655 2212 855 2301 ὀνοματικόν
877 2217 966 2286 ἐστιν
986 2217 1120 2309 ὀφείλει
1142 2224 1309 2304 περισπᾶ-

137 2330 239 2405 σθαι,
274 2318 320 2404 ὥς
345 2315 431 2390 εἶναι
459 2320 519 2390 δόο
549 2323 805 2408 περισπωμένας
833 2319 861 2392 ιδ
882 2331 992 2393 ποποῖ
1013 2319 1056 2415 (ὦ
1078 2332 1197 2393 πιῦποι
1216 2329 1309 2413 cod),

138 2429 276 2518 λέγομεν
291 2429 345 2518 (δὲ
359 2435 430 2498 add.
446 2435 531 2520 cod.)
553 2430 763 2518 βαρύνεσθαι
780 2421 864 2502 Ιαὐτὸ
888 2431 932 2513 ὡς
952 2434 990 2500 τὸ
1013 2427 1041 2499 ιδ
1063 2430 1170 2524 φίλοι,
1196 2432 1232 2500 ἐκ
1249 2439 1308 2499 τοῦ

136 2537 321 2624 ὑπολαβεῖν
342 2534 448 2623 όνομα
470 2531 556 2606 εἶναι
576 2540 614 2608 τὸ
636 2538 753 2613 πόποι.
792 2536 927 2608 Σκύθαι
948 2541 1008 2629 γὰρ
1029 2541 1070 2607 τὰ
1092 2537 1169 2627 παρ’
1196 2537 1309 2620 αὐτοῖς

138 2643 328 2734 δμαλμότια
343 2644 476 2726 πόπους
496 2649 646 2735 καλοῦσι,
670 2648 787 2729 καδώς
798 2645 1008 2737 Ἡρωδιανὸς
1029 2647 1064 2716 ἐν
1084 2650 1124 2739 τῇ
1143 2646 1306 2720 καθόλου.

137 2756 196 2824 καὶ
225 2748 328 2835 αὖθις
350 2752 367 2822 ό
391 2750 489 2835 αὐτὸς
514 2756 591 2841 περὶ
611 2762 675 2823 τῶν
695 2752 803 2824 αὐτῶν
825 2782 940 2846 φησιν,
972 2751 1017 2835 ὦς
1039 2751 1077 2824 οὗ
1101 2758 1152 2823 δεῖ
1171 2756 1213 2821 τὰ
1235 2780 1308 2836 σχε-

137 2864 312 2931 τλιαστικδι
330 2867 397 2929 τῶν
415 2861 644 2953 ἐπιρρημάτων
663 2860 812 2953 (εὐκτικὰ
832 2869 902 2932 add.
924 2868 1019 2951 cod),
1041 2860 1143 2930 οἷονεί
1164 2863 1307 2948 βακχικὰ

138 2967 228 3051 όντα,
245 2967 310 3040 ὑπὸ
325 2971 387 3059 τὴν
400 2968 545 3054 ἔντεχνον
559 2969 769 3039 ἀκολουθίαν
783 2970 917 3061 <delos
932 2975 1017 3059 cod>
1037 2966 1130 3058 ἶν’γειν
1145 2977 1306 3039 etcetera.

137 3083 177 3151 In
199 3106 264 3168 quo
285 3083 368 3162 loco,
390 3105 465 3147 nam
486 3105 552 3148 non
574 3085 631 3149 abs
652 3105 686 3148 re
707 3083 807 3148 fuerit
827 3082 889 3147 hoc
910 3083 1079 3165 addidisse,
1100 3081 1307 3147 memorabile

139 3192 319 3276 exemplum
332 3190 496 3271 habemus,
511 3195 630 3276 quanta
645 3191 793 3257 cautione
809 3213 889 3274 opus
905 3191 948 3254 sit
961 3190 996 3254 in
1010 3190 1072 3254 hoc
1084 3189 1304 3274 Theognosto
1324 3204 1371 3255 120

138 3299 195 3382 qui
214 3299 368 3382 pleraque
391 3321 430 3363 ex
449 3298 635 3364 Herodiano
657 3298 861 3375 transsumit,
894 3320 935 3363 ne
963 3321 1001 3362 ex
1021 3297 1079 3362 illo
1101 3297 1183 3362 falsa
1203 3297 1308 3361 Hero·

138 3406 234 3472 diano
249 3406 436 3471 tribuamus.
475 3405 560 3472 Nam
578 3409 640 3472 duo
656 3407 709 3471 hic
727 3408 811 3471 certe
827 3410 910 3484 sunt
933 3427 1014 3489 quae
1036 3405 1105 3470 sine
1126 3405 1194 3469 ulla
1216 3405 1307 3469 dubi-

137 3513 262 3579 tatione
289 3536 354 3578 non
376 3513 579 3580 Herodianea
605 3537 673 3579 esse
699 3515 847 3579 affirmes.
890 3513 1034 3577 Primum
1062 3515 1149 3597 quod
1174 3512 1307 3596 reliquis

137 3621 172 3685 in
200 3621 263 3686 fine
287 3621 406 3706 duplici
432 3621 535 3689 forma
560 3622 713 3707 praeditis
734 3622 843 3705 inepte
865 3620 1043 3704 interponit
1063 3620 1144 3684 illud
1166 3612 1254 3701 τόμοι
1276 3624 1309 3686 et

139 3720 244 3810 οἴμοι.
283 3729 408 3795 Deinde
436 3730 524 3813 quod
547 3731 594 3795 ita
620 3729 765 3813 loquitur
797 3728 888 3811 quasi
915 3728 1118 3792 Herodianus
1144 3728 1259 3793 dixerit
1281 3717 1308 3790 ιδ

138 3828 501 3920 ndnoeapudilraecos
521 3836 835 3902 inconsuetudinem
856 3835 981 3899 venisse
1002 3834 1064 3899 hoc
1086 3839 1219 3900 accentu
1242 3857 1307 3900 non

138 3946 266 4008 tantum
292 3944 367 4029 quia
393 3967 450 4028 per
479 3944 559 4010 illud
583 3945 803 4028 praepositum
831 3931 858 4005 ιδ
885 3943 1007 4026 species
1036 3945 1106 4008 orta
1128 3942 1171 4006 sit
1192 3943 1305 4007 adiect'

139 4052 340 4129 substantivi,
364 4053 420 4116 sed
442 4051 517 4135 quia
537 4051 618 4117 illud
639 4045 749 4116 πόποι
772 4051 1008 4115 substantivum
1026 4050 1130 4114 visum
1151 4050 1307 4115 referrent

139 4159 180 4224 ad
202 4158 351 4243 Scythica
371 4159 429 4224 illa
448 4150 649 4242 ἀγαλμάτια.
685 4158 826 4223 Tantum
849 4158 1007 4235 discimus,
1028 4157 1248 4222 Herodianum
1269 4179 1307 4221 eo

139 4266 222 4346 loco,
242 4266 299 4332 ubi
322 4266 476 4351 disyllaba
496 4265 531 4329 in
553 4287 638 4341 οπος
659 4266 867 4330 enumerabat
887 4266 922 4328 in
944 4264 1112 4348 catholica,
1125 4265 1219 4345 (libro
1235 4286 1308 4346 sep-

141 4373 243 4453 timo),
264 4364 383 4450 τόπος,
408 4364 533 4450 κόπος,
558 4371 696 4455 reliqua,
717 4394 755 4436 ex
775 4371 882 4455 aliquo
904 4372 1125 4450 reconditiore,
1147 4373 1184 4434 ut
1205 4373 1308 4454 putes,
