3008 4980
649 359 672 408 3.
695 359 783 425 τρεῖν.

255 513 368 604 τρέσσε
390 514 427 581 δὲ
447 512 622 607 παπτήνας
644 512 696 609 ἐφ’
721 514 839 602 ὁμίλου
860 515 942 603 θηρὶ
963 513 1090 602 εὀικιός,
1154 497 1159 507 ’

258 623 582 711 ἐντροπαλιζόμενος,
606 620 719 711 ὀλίγον
737 622 814 711 γόνυ
837 623 953 710 γουνὸς
973 619 1129 708 ἀμείβων.

134 732 228 810 Quod
249 733 385 798 Vossius
405 734 451 798 ita
472 736 580 799 vertit:

257 841 426 906 Fli'rohtete
453 842 538 906 dann
563 842 781 907 umschauend
807 843 851 906 im
876 841 1141 927 Minnergewtihl
1167 842 1228 906 wie
1249 843 1300 906 ein

913 948 1100 1026 Raubthier‚

258 1056 446 1120 thkwt'rts
475 1056 587 1141 hsufig
618 1056 781 1141 gewandt,
815 1056 875 1121 mit
899 1055 1051 1141 -langsam
1079 1057 1301 1122 wechselnden

599 1151 605 1160 ⁹
924 1162 1038 1228 Knien.

136 1271 231 1351 Quod
253 1271 381 1358 egregie
402 1271 592 1335 translatum
615 1274 672 1336 est.
709 1269 910 1355 Quamquam
937 1271 1022 1335 enim
1043 1271 1082 1335 de
1103 1271 1193 1335 tarde
1215 1275 1300 1336 retro

136 1381 267 1445 cedente
296 1379 423 1463 proprie
449 1401 516 1444 non
542 1379 675 1443 dicimus
701 1401 753 1458 „er
779 1378 942 1458 fluchtec‘,
973 1384 1081 1443 tamen
1107 1379 1142 1441 in
1167 1378 1224 1443 illo
1251 1400 1303 1457 „er

135 1488 304 1552 fliichtete“
322 1486 477 1550 sentimus
498 1485 563 1550 vim
584 1486 696 1551 aoristi
718 1476 880 1565 „celeriter
900 1487 934 1549 in
954 1485 1065 1570 fugam
1080 1507 1113 1550 se
1136 1487 1302 1550 coniecit‘:

137 1596 174 1660 de
203 1597 367 1660 momento
398 1615 462 1677 quo
493 1593 639 1658 celeriter
662 1596 814 1657 retractat
841 1593 893 1657 vel
921 1597 959 1657 ut
979 1593 1016 1656 fit
1043 1597 1169 1676 tergum
1191 1592 1302 1657 vertit:

137 1725 234 1788 quam
254 1701 390 1786 primam
412 1704 445 1764 et
464 1700 627 1785 propriam
645 1701 733 1765 vocis
753 1702 839 1783 τρεῖν
861 1700 1131 1786 significationem
1153 1721 1221 1765 esse
1243 1723 1303 1784 pu-

137 1815 253 1888 tamus,
276 1809 394 1873 aoristo
416 1808 546 1891 quidem
569 1807 738 1892 praecipue
760 1807 1041 1872 accommodatam.

218 1916 404 2000 Antequam
428 1916 527 1980 finem
552 1915 628 1980 huic
656 1916 866 1999 disputationi
892 1917 1055 1999 imponam
1081 1916 1142 1980 hoc
1169 1937 1304 1980 monen-

136 2026 226 2102 dum,
253 2027 290 2089 ut
315 2047 355 2088 ne
378 2024 413 2087 in
434 2027 598 2107 posterum
620 2023 654 2087 in
675 2023 832 2088 vocabulo
853 2024 940 2105 τρεῖν
960 2023 1010 2087 vel
1029 2023 1144 2087 Latino
1168 2027 1303 2088 tremere
1322 2031 1350 2081 81

136 2133 188 2197 vel
214 2135 324 2196 nostro
351 2132 501 2210 ‚‚uittern“
526 2136 663 2199 utamur.
710 2130 810 2198 Nullo
837 2130 870 2194 id
898 2134 1042 2214 tempore
1070 2133 1102 2194 et
1122 2130 1210 2194 nullo
1231 2130 1304 2195 loco

136 2238 305 2325 significat.
346 2238 455 2303 Etiam
488 2240 565 2304 satis
593 2242 722 2304 cautum
750 2241 798 2303 est
826 2261 866 2302 ne
892 2239 975 2301 forte
1001 2237 1084 2301 male
1113 2237 1305 2320 accipiamus

136 2345 245 2410 locum
272 2345 376 2429 qualis
402 2347 455 2410 hic
477 2350 526 2410 est
548 2345 660 2423 Quinti
682 2345 847 2430 Smyrnaei
869 2345 908 2409 de
929 2344 1055 2409 Achille
1081 2348 1114 2408 et
1134 2344 1305 2409 Memnone

137 2454 318 2536 congressis
339 2451 371 2516 H
392 2460 452 2520 522

375 2559 521 2648 σδεναρῆ
545 2559 603 2646 γὰρ
625 2554 684 2624 ε’πί
703 2581 801 2648 σφισι
825 2559 921 2644 δῆρις
943 2551 1064 2645 ὀρώρει

241 2661 324 2753 ἠμέν
345 2663 400 2734 ὅτε
421 2664 572 2756 ξιφέεσσι
591 2663 794 2750 συνέδραμον
815 2659 870 2755 ἠδ’
895 2662 951 2733 ὅτε
973 2666 1057 2743 λᾶας

240 2770 366 2858 βάλλον
388 2769 610 2857 ἀπεσσόμενοι
632 2770 847 2861 περιμήκεας,
872 2768 953 2838 οὐδέ
968 2797 1019 2851 τις
1041 2766 1149 2837 αὐτῶν

237 2879 354 2962 χάζετο
374 2879 599 2965 βαλλομένων,
623 2876 696 2947 οὐδ’
720 2877 864 2965 ἔτρεσαν,
888 2873 961 2943 ἀλλ’
986 2874 1043 2945 άτε
1064 2884 1192 2964 πριῦνες

242 2985 381 3054 ἕστασαν
403 2982 546 3078 ἀκμῆτες
566 2986 780 3072 καταειμένοι
802 2981 946 3054 ἀσπετον
968 2981 1085 3076 ἀλκῆν·

242 3089 345 3186 άμφω
368 3094 427 3181 γάρ
449 3092 610 3182 μεγάλοιο
630 3094 714 3175 Διὸς
733 3094 828 3181 γένος
848 3089 1052 3176 εὐχετόωντο.

137 3206 171 3270 in
201 3205 293 3274 hunc¹
320 3205 421 3291 igitur
452 3206 561 3271 locum
588 3230 629 3271 ne
661 3207 733 3292 quis
762 3206 906 3271 incidens
936 3205 1184 3291 intelligendum
1214 3208 1308 3289 putet

137 3317 384 3393 „tremuerunt“,
410 3315 481 3379 sed:
512 3337 588 3395 „nec
612 3336 724 3400 pugna
752 3317 917 3378 cesserunt
942 3335 1002 3376 nec
1025 3314 1306 3376 retractaverunt.“

138 3419 176 3486 cf.
198 3418 277 3485 VIII
305 3429 371 3488 165.
401 3429 460 3490 170
486 3414 674 3504 (άτρεστος),
704 3426 773 3489 340.
822 3419 885 3484 Hic
911 3424 990 3504 puto
1019 3423 1130 3483 nostro
1156 3419 1307 3496 „zurtiek-

139 3529 278 3592 τιιολςοοιι
299 3528 438 3594 auctoris
460 3529 638 3594 sententiae
667 3529 883 3613 responderis:
912 3531 961 3592 est
981 3527 1037 3591 ubi
1059 3527 1199 3610 pressius
1220 3525 1308 3589 vide-

139 3638 212 3699 atur
245 3656 296 3714 „er
322 3636 454 3700 schrack
480 3639 630 3715 zurtick“‚
657 3640 695 3701 ut
720 3634 799 3701 VIII
822 3641 882 3702 218
904 3639 937 3698 et
956 3633 1017 3698 XII
1040 3639 1112 3701 180:
1148 3655 1212 3716 quo
1238 3631 1309 3696 loco

139 3745 214 3805 ante
235 3740 346 3808 oculos
368 3744 483 3808 habuit
503 3744 596 3808 illum
609 3743 807 3809 Hesiodeum
824 3743 948 3827 Theog.
964 3746 1033 3821 850,
1055 3741 1111 3805 ubi
1134 3743 1183 3804 est
1203 3731 1307 3823 rpeno'

136 3841 252 3934 Ἀΐδης
273 3842 444 3933 ἀσβέστου
465 3848 636 3916 κελάδοιο
660 3849 716 3915 καὶ
738 3844 832 3938 αἰνῆς
854 3849 1036 3934 δηιοτῆτος.

222 3956 349 4021 Primus
363 3959 398 4022 in
414 3957 534 4036 Quinto
548 3959 648 4039 locus,
668 3959 724 4025 ubi
745 3955 938 4023 vocabulum
959 3955 1106 4031 occurrit,
1130 3958 1179 4018 est
1201 3955 1309 4018 statim

142 4065 181 4129 ab
202 4063 296 4128 initio
317 4063 333 4129 I
355 4071 386 4133 8:
415 4087 454 4129 ex
479 4088 543 4150 quo
566 4066 706 4132 Achilles
727 4066 901 4131 Hectorem
927 4062 1130 4126 interfecerat
1153 4061 1254 4125 Troes
1275 4063 1309 4124 in

142 4172 220 4236 urbe
241 4177 429 4237 manserunt
745 4219 747 4223 ψ

265 4274 425 4356 δειδιότες
446 4276 546 4360 μένος
565 4274 606 4368 ciii
627 4275 863 4366 θρασόφρονος
883 4269 1068 4340 Αἰακίδαο.
1159 4277 1162 4284 ’

264 4379 331 4474 ἠΰτ’
355 4383 403 4450 ἒνὶ
424 4379 592 4468 ξυλόχοισι
613 4381 691 4471 βόες
710 4386 888 4470 βλοσυροῖο
910 4379 1043 4458 λέοντος

194 4489 251 4529 Ιιολ]
259 4501 299 4540 ro,
313 4489 449 4531 Aristarch.
1085 4487 1099 4535 6
