3046 4980
216 330 276 391 248
664 317 711 374 IV.
735 317 776 374 Da
794 318 931 388 prosodia.

215 486 442 571 Aristophanis
468 505 585 569 magna
611 489 644 550 et
669 486 863 552 immortalia
890 488 928 551 de
951 487 1039 551 omni
1058 486 1249 570 antiquitate
1270 487 1385 551 merita

214 595 369 679 reliquiae
395 597 567 659 testantur:
594 615 631 658 ea
651 593 685 675 ,si
717 594 863 677 quaeris,
886 616 968 677 quae
995 593 1036 658 ad
1062 594 1252 678 scriptorum
1277 598 1384 659 textus

214 703 386 786 pertinent,
408 722 502 785 saepe
525 701 593 766 eius
615 701 738 765 mentio
760 701 798 765 fit
818 701 852 765 in
874 701 1032 765 variarum
1053 700 1228 766 lectionum
1251 701 1383 780 delectu,

214 810 249 875 in
272 808 419 874 eruendis
440 808 585 873 versibus
608 809 723 892 spuriis
746 813 843 892 atque
864 808 898 872 in
919 807 1010 872 libris
1031 805 1083 871 vel
1105 808 1317 875 attribuendis
1335 811 1385 875 vel

215 915 435 982 abiudicandis
457 915 498 979 ab
518 915 703 980 auctoribus
720 915 895 992 tralaticiis,
917 915 952 979 in
972 915 1166 979 carminibus
1190 916 1384 998 ordinandis,

214 1025 248 1088 in
270 1023 381 1088 metris
408 1023 624 1109 dispescendis
646 1023 791 1108 (Dionys.
813 1022 887 1090 Hal.
908 1044 933 1086 c.
951 1023 1038 1089 verb.
1059 1024 1142 1104 312).
1185 1021 1249 1090 Sed
1271 1025 1309 1090 de
1331 1047 1384 1090 ao·

215 1130 362 1197 centibus
393 1131 470 1215 quid
497 1129 612 1195 dixerit
638 1131 690 1195 vix
720 1130 819 1196 semel
845 1134 902 1194 aut
928 1129 979 1193 bis
1005 1133 1218 1195 memoratum
1238 1128 1383 1216 legimus

215 1237 420 1303 Aristarchus
445 1232 551 1322 ¹igitur
580 1238 703 1321 primus
734 1237 769 1301 in
800 1236 1009 1322 scriptoribus
1036 1260 1055 1301 a
1080 1259 1114 1301 se
1143 1237 1249 1317 editis,
1278 1238 1385 1322 epicis,

215 1346 355 1431 tragicis,
379 1344 516 1425 comicis,
537 1344 653 1429 lyricis,
675 1343 819 1431 singulas
840 1365 935 1409 voces
958 1347 1108 1409 accentus
1129 1348 1207 1409 nota
1228 1345 1383 1410 distinxit.

215 1451 253 1518 In
280 1451 415 1537 singulis
441 1451 607 1517 vocabulis
635 1452 675 1515 ab
703 1473 740 1516 eo
766 1450 887 1516 factum
909 1473 977 1516 esse
999 1473 1158 1535 nusquam
1181 1453 1296 1518 diserte
1319 1457 1384 1518 tra-

217 1561 312 1626 ditur.
355 1558 390 1626 Si
420 1559 492 1642 quis
518 1558 618 1643 igitur
640 1559 701 1623 erit
723 1559 779 1643 qni
800 1562 893 1644 putet
913 1559 948 1623 in
970 1558 1075 1623 dubiis
1097 1562 1224 1624 tantum
1247 1564 1279 1625 et
1301 1561 1384 1625 diffi-

216 1666 379 1733 cilioribus
406 1669 518 1730 notam
539 1667 569 1730 ei
590 1667 729 1750 positam
751 1688 829 1747 esse,
850 1666 1051 1751 respondebo
1072 1667 1211 1750 primum
1233 1668 1330 1732 etiarn
1350 1669 1384 1732 in
1442 1701 1447 1711 ·

216 1773 459 1853 minutioribus,
486 1772 591 1856 qualis
620 1777 669 1838 est
691 1773 919 1858 pronominum
942 1771 1082 1849 enclisis,
1110 1775 1386 1859 praepositionum

217 1881 425 1966 anastrophe,
453 1885 520 1946 tam
547 1880 750 1967 frequentem
771 1882 839 1946 eius
861 1881 1058 1946 mentionem
1078 1881 1148 1946 fieri
1168 1882 1290 1947 utiam
1310 1883 1386 1949 hinc

216 1990 404 2055 iudicandus
426 1989 469 2053 sit
488 2010 649 2072 perpauca
670 2010 746 2053 sane
768 1989 890 2054 intacta
910 1988 1094 2073 reliquisse,
1121 1993 1158 2053 ut
1178 1990 1280 2054 tutius
1302 1994 1387 2055 esset

216 2119 276 2162 nec
297 2096 435 2161 multum
457 2094 577 2161 laboris
602 2096 733 2161 adderet
756 2096 863 2161 omnia
885 2095 981 2161 simul
998 2100 1120 2165 notare.
1150 2097 1273 2162 Deinde
1290 2120 1385 2182 quern

217 2207 384 2269 accentum
411 2203 563 2269 habuerit
589 2204 686 2269 etiam
711 2204 746 2268 in
767 2205 807 2269 iis
828 2208 1112 2270 commemoratum
1134 2204 1325 2284 invenimus,
1347 2205 1387 2269 de

218 2311 334 2396 quibus
356 2311 544 2376 Aristarcho
567 2333 634 2376 non
654 2314 781 2396 poterat
803 2312 918 2377 exoriri
941 2312 1113 2394 dubitatio,
1141 2335 1222 2397 quae
1244 2315 1314 2376 tum
1332 2313 1387 2377 de-

217 2442 306 2484 mum
327 2419 367 2483 ab
389 2441 454 2484 uno
477 2419 618 2484 alterove
641 2420 850 2504 grammatico
874 2419 1013 2485 dubitari
1036 2423 1068 2484 et
1089 2420 1245 2504 disputari
1266 2423 1389 2505 coepta,

218 2549 290 2592 cum
310 2526 390 2592 haec
412 2527 558 2593 doctrina
579 2527 620 2592 ad
643 2526 751 2591 omnia
773 2527 900 2612 singula
920 2527 1054 2592 rationis
1074 2527 1269 2613 regulaeque
1284 2527 1387 2592 facem

218 2636 385 2701 admovere
408 2635 567 2720 coepisset
588 2637 621 2699 et
642 2634 851 2700 contentione
871 2634 954 2700 vires
978 2638 1158 2718 quaereret:
1182 2659 1208 2703 e.
1224 2657 1255 2722 g.
1270 2636 1309 2700 de
1326 2657 1397 2725 χα-1

142 2761 144 2764 ⁴
217 2736 341 2826 ράδρα,
373 2736 482 2827 ἄχρις,
513 2735 632 2827 δύνηαι
656 2744 793 2823 (11390.
822 2745 948 2808 11324.
976 2746 1008 2803 Ζ
1027 2744 1108 2824 229).
1150 2743 1299 2827 Denique
1324 2743 1388 2808 hoc

218 2850 340 2916 addam.
384 2849 419 2916 Si
447 2873 484 2915 aa
510 2852 637 2915 tantum
663 2849 788 2913 notavit
805 2849 1023 2929 Aristarchus,
1051 2872 1133 2933 quae
1159 2850 1282 2934 aliquid
1303 2850 1388 2914 diffi-

136 2971 207 3040 (259)
220 2957 348 3023 cultatis
368 2958 536 3037 haberent,
562 2957 688 3022 nullum
712 2960 840 3041 poterat
866 2956 900 3020 in
927 2960 1018 3022 textu
1046 2958 1113 3022 eius
1134 2957 1307 3023 Homerico
1333 2980 1388 3023 ac-

218 3069 314 3129 centu
335 3066 528 3130 instructum
550 3088 619 3130 esse
640 3064 788 3142 verbum,
816 3065 893 3148 quin
914 3064 948 3128 in
970 3064 1208 3130 commentariis
1228 3066 1386 3131 rationem

217 3173 373 3240 redderet.
401 3173 520 3239 Contra
535 3173 562 3238 si
585 3173 693 3238 omnia
714 3171 847 3250 notavit,
869 3176 1019 3256 poterant
1040 3195 1076 3236 ac
1094 3173 1204 3257 potius
1226 3173 1388 3238 debebant

217 3281 320 3345 multa
341 3303 419 3360 esse,
441 3303 522 3366 quae
545 3284 674 3345 notasse
690 3279 864 3346 sufficeret:
887 3280 965 3363 quin
979 3283 1106 3365 poterat
1120 3279 1212 3345 facile
1227 3303 1300 3345 curn
1315 3280 1386 3345 aliis

217 3388 327 3453 multis
354 3411 454 3453 unum
481 3392 514 3452 et
539 3388 675 3453 alterum
702 3387 799 3452 etiam
818 3388 1079 3471 praetermissum
1101 3409 1170 3452 esse
1191 3387 1386 3473 impeditius,

217 3497 307 3560 cuius
328 3496 444 3581 quibus
464 3499 577 3580 postea
597 3495 774 3561 Aristarchi
796 3495 971 3560 auotoritas
992 3495 1168 3580 plurimum
1188 3495 1328 3576 valebat,
1350 3499 1387 3560 ut

217 3603 429 3686 Herodianus,
449 3603 590 3668 rationes
611 3603 781 3668 nescirent.
809 3602 911 3686 Atqui
932 3602 1112 3667 invenimus
1131 3603 1217 3667 haud
1231 3626 1303 3669 raro
1318 3603 1386 3669 He-

216 3710 385 3774 rodianum
415 3732 479 3794 quo
506 3713 640 3775 accentu
666 3709 871 3774 Aristarchus
897 3711 1088 3776 vocabulum
1116 3711 1277 3776 notaverit
1297 3712 1387 3790 scire,

218 3818 335 3900 quibus
361 3817 540 3882 rationibus
562 3817 676 3882 ductus
699 3818 752 3898 sit,
775 3817 911 3897 nescire,
939 3821 971 3882 et
992 3819 1280 3884 demonstrabimus
1301 3819 1387 3884 infra

216 3946 450 4008 nonnunquam
470 3925 611 3990 rationes
633 3926 673 3990 ab
695 3926 881 3990 Aristarcho
904 3926 1022 3991 alienas
1046 3927 1075 3990 ei
1096 3926 1256 3991 tribuisse.

299 4031 397 4114 Satis,
425 4033 553 4117 opinor,
578 4033 698 4097 clarum
721 4037 782 4111 est,
805 4037 1003 4117 quantopere
1024 4034 1086 4099 hoc
1108 4035 1143 4097 in
1163 4034 1234 4099 loco
1257 4036 1298 4099 ab
1319 4056 1385 4099 uno

215 4139 346 4204 homine
368 4139 577 4223 pendeamus:
599 4141 655 4205 sed
675 4141 702 4205 si
726 4140 806 4204 mihi
821 4141 990 4206 dicendum
1006 4146 1054 4206 est
1069 4143 1156 4225 quod
1170 4141 1274 4206 sentio
1290 4142 1385 4226 (quae

152 4262 200 4313 252
218 4269 285 4312 non
306 4251 425 4311 temere
447 4252 574 4332 arrepta
596 4248 704 4332 opinio
728 4251 785 4328 est,
807 4248 862 4313 sed
883 4252 920 4313 ut
935 4249 968 4312 in
983 4271 1017 4313 re
1033 4248 1220 4335 gravissima
1236 4249 1386 4315 diuturna

217 4358 250 4419 et
270 4355 407 4439 repetita
425 4355 633 4423 meditatione
653 4356 811 4439 invaluit),
833 4359 882 4421 est
902 4356 1047 4440 profecto
1064 4356 1150 4441 quod
1165 4357 1259 4424 nobis
1274 4360 1386 4444 gratu-
