3008 4980
500 363 523 412 2.
546 356 588 412 De
606 356 802 414 constituenda
819 355 947 413 lectione.
1249 361 1309 423 347

138 526 216 612 peri.
255 524 292 591 ln
315 547 390 591 casu
411 529 520 591 autem
543 525 638 590 dandi
661 525 716 610 qui
735 524 906 609 purissime
919 523 1020 591 locuti
1036 527 1112 588 sunt
1127 544 1192 588 non
1207 522 1310 599 faciei,

138 639 175 700 ut
196 656 282 699 nunc
305 634 429 712 dicitur,
452 635 508 698 sed
529 633 610 698 facie
633 633 791 700 dixerunt.
824 631 967 699 Lucilius
989 632 1023 696 in
1045 630 1151 695 satiris

235 776 239 783 ¹
263 740 416 822 Primum,
438 742 553 826 inquit,
574 741 656 807 facie
679 741 767 826 quod
787 740 969 806 honestatis
991 739 1122 805 accedit.

139 849 229 917 Idem
250 849 391 914 Lucilius
412 848 446 912 in
467 849 621 934 septimo:

264 956 380 1034 111111
403 956 517 1042 diligat
539 958 654 1023 aetatis
677 957 797 1043 (potius
819 957 869 1041 -ti)
892 957 1036 1041 facieque
1059 959 1133 1021 tuae
1153 976 1188 1021 se
1289 1028 1294 1035 ,

263 1064 438 1130 Fautorem
460 1066 611 1131 ostendat
632 1103 681 1128 -.

138 1174 223 1240 Sunt
236 1176 345 1238 tamen
361 1196 428 1239 non
443 1175 537 1258 pauci
552 1174 608 1258 qui
627 1174 800 1258 utrobique
823 1174 905 1238 facie
925 1173 1038 1258 legant
1059 1222 1066 1236 .
1084 1221 1112 1235 ..
1134 1171 1207 1258 Ego
1230 1194 1311 1256 quo-

140 1304 202 1366 que
224 1281 258 1344 in
272 1279 431 1366 Iugurtha
446 1280 591 1347 Sallustii
613 1304 755 1347 summae
777 1281 853 1346 fidei
875 1285 908 1346 et
929 1281 1120 1346 reverendae
1141 1280 1311 1346 vetustatis

139 1389 223 1454 libro
251 1389 301 1463 die
332 1411 406 1454 casu
432 1389 537 1474 patrio
569 1390 724 1473 scriptum
757 1388 890 1454 inveni“.
938 1387 999 1452 Xll
1028 1395 1065 1456 10
1095 1386 1150 1467 ‚ln
1176 1387 1311 1453 Verrem

138 1604 213 1668 veni
235 1603 402 1687 scriptum:
427 1604 582 1669 aeditumi
604 1605 831 1688 custodesque,
860 1604 895 1668 in
916 1603 1008 1668 libris
1030 1607 1137 1668 autem
1156 1603 1219 1667 hoc
1239 1600 1310 1666 vul-

139 1711 236 1796 gariis
258 1711 379 1776 aeditui
397 1713 551 1797 scriptum
573 1715 646 1778 est‘.
670 1749 707 1760 -
729 1711 855 1777 Horum
876 1710 1022 1776 locorum
1042 1711 1311 1776 recensendorum

138 1840 244 1902 neque
259 1817 419 1904 Bergerus
434 1819 529 1884 nobis
544 1821 646 1885 otium
660 1819 736 1884 fecit
749 1820 784 1883 in
799 1819 1024 1884 dissertatione
1041 1819 1079 1884 de
1101 1817 1310 1902 autographis

111 1958 115 1965 ·
138 1930 282 1991 veterum
308 1926 342 1990 in
368 1926 501 1991 Martini
522 1926 688 1992 Thesauro
710 1949 741 2010 p.
765 1931 803 1994 83
826 1944 904 2011 sqq.‘
923 1949 1029 2010 neque
1053 1924 1248 2011 Guhlingius
1273 1925 1374 1989 11353

139 2033 213 2099 diss.
237 2034 275 2098 de
297 2035 491 2120 apographis
512 2038 657 2100 veterum
677 2035 721 2102 ib.
742 2059 773 2120 p.
791 2039 850 2103 187
868 2056 938 2119 sqq.
963 2036 1171 2118 (quamquam
1192 2033 1220 2098 is
1241 2054 1309 2116 cap.

139 2142 254 2225 quinto
267 2141 302 2205 in
317 2141 501 2206 universum
516 2143 594 2207 satis
608 2148 695 2209 recte
719 2143 862 2228 disputat
882 2143 922 2208 de
937 2142 1141 2207 observantia
1156 2141 1311 2220 codicum,

139 2272 204 2335 qua
225 2248 427 2335 singulorum
448 2251 616 2315 hominum
639 2250 789 2316 audaciae
812 2249 901 2316 omni
915 2253 1060 2334 tempore
1077 2249 1233 2314 obstitum
1248 2250 1309 2331 est)

138 2381 245 2444 neque
266 2357 392 2424 Walch.
415 2362 474 2425 art.
497 2359 564 2425 crit.
585 2358 679 2424 Rom.
701 2359 741 2425 V.
784 2377 789 2386 ’

221 2467 274 2531 Ad
288 2464 425 2531 Graecos
440 2467 632 2533 transitums
647 2467 786 2552 primum
807 2467 1006 2532 mentionem
1027 2465 1170 2530 iniiciam
1185 2466 1310 2532 Galeni:
1330 2473 1334 2481 '

139 2575 195 2659 qui
210 2573 340 2658 spinosa
353 2574 498 2659 profecto
514 2579 547 2640 et
563 2576 688 2640 minuta
703 2575 872 2662 diligentia
886 2574 1188 2659 Hippocraticorum
1209 2573 1310 2639 libro-

136 2705 210 2747 rum
233 2682 454 2767 corruptiones
475 2683 622 2768 indagat,
649 2684 753 2748 varias
780 2682 936 2748 lectiones
964 2703 1137 2766 earumque
1166 2681 1309 2766 origines

136 2790 281 2874 inquirit,
302 2812 377 2854 vera
392 2794 424 2855 et
438 2791 606 2875 supposita
624 2791 829 2856 discriminat.
865 2790 938 2855 Hoc
960 2790 1066 2856 colore
1088 2790 1150 2854 iste
1172 2789 1310 2874 scriptor
1321 2795 1392 2864 (370)

136 2899 184 2963 ita
209 2898 352 2962 imbutus
378 2901 428 2963 est
454 2902 492 2963 ut
517 2921 620 2964 unum
645 2899 820 2964 altemmve
849 2898 1032 2983 exemplum
1059 2897 1201 2983 proferre
1226 2897 1309 2961 nihil

137 3005 283 3071 attineat.
325 3005 481 3072 Similiter
503 3007 566 3072 dici
587 3010 696 3091 potest
719 3007 757 3072 de
779 3006 953 3072 Strabone:
981 3006 1037 3090 qui
1059 3006 1086 3070 si
1108 3006 1236 3089 quando
1258 3004 1309 3068 in-

137 3114 238 3179 clinat
263 3115 304 3179 ad
329 3114 493 3198 scriptoris
520 3115 627 3180 locum
652 3114 843 3180 mutandum
868 3136 910 3178 ne
936 3117 1006 3179 tum
1033 3114 1163 3198 quidem
1189 3117 1309 3178 temere

136 3222 264 3287 codices
281 3221 411 3308 ignorat
432 3222 484 3287 vel
504 3223 680 3307 vilipendit,
702 3225 739 3287 ut
755 3220 771 3286 I
788 3245 817 3306 p.
834 3229 853 3288 4
875 3217 944 3306 τρὶς
963 3217 1024 3303 μὲν
1046 3215 1106 3304 γάρ
1128 3212 1155 3282 τ>
1180 3212 1310 3305 ἀνίησιν

137 3322 190 3394 ἐπ’
210 3321 330 3415 ἤματι,
354 3325 423 3414 τρὶς
445 3323 477 3393 d'
502 3321 716 3413 oinopoqtdai:
744 3326 883 3413 καὶγὰρ
906 3322 1002 3416 εἰμὴ
1025 3323 1110 3410 τρίς,
1136 3320 1224 3392 ἀλλὰ
1247 3320 1308 3405 δίς,
1327 3407 1329 3412 Ι

135 3430 220 3516 τάχα
241 3437 302 3523 τῆς
323 3424 472 3518 ἱστορίας
491 3432 751 3524 παρααεσούσης
771 3430 795 3523 ἢ
813 3439 873 3522 τῆς
892 3439 1023 3523 γραφῆς
1038 3430 1311 3523 διημαρτημένης.

136 3544 184 3610 Of.
207 3566 237 3629 p.
259 3551 299 3611 25
322 3542 499 3631 (γραφικὸν
526 3538 705 3631 ἁμάρτημα
732 3538 756 3630 ἢ
782 3537 969 3630 ἱστορικόν).
1009 3543 1075 3611 ΧΠ·
1095 3568 1125 3630 p.
1148 3551 1208 3612 549
1233 3535 1312 3631 ἤτοι

135 3653 197 3737 τῆς
215 3654 347 3738 γραφῆς
366 3648 605 3741 μετατεθείσης
627 3647 776 3719 ἀπὸτοῦ
802 3646 973 3739 ,αηλόθεν
999 3651 1036 3717 ἐκ
1059 3646 1243 3738 Χαλύβηςιι
1265 3651 1311 3735 (11

137 3755 175 3838 ἐξ
199 3751 353 3846 Ἀλύβης)
379 3751 404 3847 ἢ
433 3763 499 3824 τῶν
534 3753 727 3843 ἀνθρώπων
757 3754 920 3845 πρότερον
943 3754 1094 3842 uttam
1125 3754 1311 3842 λεγομένων

135 3859 210 3931 ἀντὶ
237 3860 413 3950 Χαλύβων.
459 3869 504 3935 Ε1
536 3871 613 3955 quid
646 3870 685 3934 de
717 3870 940 3935 audacioribus
971 3870 1163 3935 coniecturis
1191 3868 1312 3934 iudicet

136 3975 265 4060 saepius
292 3976 421 4041 indicat.
463 3977 516 4046 Sic
540 3975 601 4042 XII
621 4001 651 4062 p.
675 3983 734 4045 550
762 3977 801 4041 de
830 3977 942 4041 audaci
962 3977 1087 4063 Ephori
1115 3979 1311 4044 coniectura:

135 4077 156 4170 ἡ
180 4081 376 4171 μεταγραφὴ
403 4081 440 4149 δὲ
460 4083 554 4169 παρὰ
575 4081 714 4170 τὴντῶν
730 4076 943 4171 ἀντιγράφων
957 4089 1022 4148 τῶν
1038 4078 1184 4166 ἀρχαίων
1197 4080 1311 4148 πίστιν

136 4187 420 4280 καινοτομουμένη
443 4189 513 4257 ἐπὶ
533 4193 725 4258 τοσοῦτον
748 4191 937 4279 σχεδιααμηῦ
959 4187 1076 4259 ἔοικεν.
1110 4193 1126 4258 l
1144 4218 1175 4279 p.
1191 4201 1229 4260 41
1250 4188 1311 4277 τὴν

134 4295 196 4382 μὲν
219 4290 278 4365 οὖν
298 4297 430 4388 γραφὴν
456 4294 516 4366 οὐκ
543 4294 669 4387 ἀνάγκη
697 4302 798 4364 κινεῖν
825 4299 977 4365 παλαιὰν
1003 4292 1113 4369 οὖσαν.
1156 4301 1200 4364 Et
1221 4301 1309 4384 ipsos

135 4408 332 4494 Byzantinos
353 4409 414 4474 hac
435 4409 487 4474 ria
507 4408 716 4493 persistentes
737 4409 927 4478 invenimus.
965 4409 1070 4476 Schcl.
1093 4408 1188 4472 Dion.
1202 4429 1233 4490 p.
1248 4413 1309 4473 677
