3008 4980
395 346 415 398 1.
444 342 594 399 Aristonici
611 343 682 398 liber
700 345 735 401 de
752 345 826 402 notis
843 345 1003 402 Aristarchi.
1260 357 1279 418 5

109 533 204 576 usum
232 534 310 577 esse.
354 515 386 574 K
406 517 467 579 252
490 507 594 588 οὕτως
619 511 674 578 καί
695 509 875 598 Δωρόθεος
899 510 934 578 ἐν
955 515 1138 599 τριακοστῷ
1159 508 1279 601 πρώτῳ

108 621 170 704 τῆς
191 611 336 708 Ἀττικῆς
362 614 481 699 λέξειας
505 611 596 699 άξιοῖ
619 615 761 706 γράφειν
789 624 843 704 (sc.
871 617 1105 707 παροίχωκεν),
1130 619 1193 707 τήν
1219 619 1280 705 μὲν

108 719 240 813 πρώτην
255 725 312 792 διὰ
329 729 385 816 τῆς
400 738 433 793 οι
446 721 647 814 διφδόγγου,
669 724 725 791 τίν
741 724 778 792 δὲ
799 726 953 815 δευτέραν
976 727 1033 794 διὰ
1056 733 1114 795 τοῦ
1136 754 1170 812 ιο,
1191 752 1279 814 παρ-

109 830 252 916 οίχωκεν,
276 828 536 915 ἀποτεινόμενος
559 833 669 901 πολλὰ
689 834 774 916 πρὸς
790 829 1015 921 Ἀριστόνικον
1034 835 1091 903 καί
1117 833 1280 924 Τρύφωνα

109 937 219 1021 άλλως
240 936 439 1031 γράφοντας,
469 937 639 1024 ἐπιδείξας
658 942 696 1010 τό
722 937 859 1030 οίχωκεν
876 939 993 1015 Ἰακόν.
1033 942 1136 1023 οὕτως
1165 942 1280 1012 δὲκαὶ

105 1044 332 1128 Ἀπολλώνιος
353 1045 371 1117 ὀ
392 1048 537 1130 τεχνικὸς
558 1041 627 1118 οἶδε
646 1051 705 1140 τὴν
727 1045 863 1141 γραφήν.
905 1053 992 1138 <Ηοο
1015 1054 1113 1121 schol.
1134 1077 1239 1139 neque
1260 1079 1279 1120 a

107 1158 239 1225 Lehrsio
254 1181 359 1244 neque
374 1159 534 1225 aLentzio
549 1161 633 1227 inter
648 1161 853 1227 Herodianea
867 1165 1041 1245 receptum.
1063 1161 1280 1229 Excluserunt

109 1267 204 1331 etiam
233 1267 331 1333 schol.
360 1267 401 1332 ad
422 1271 458 1329 N
478 1267 562 1352 137.)
602 1265 686 1333 Item
713 1268 753 1333 ad
775 1272 810 1330 N
832 1274 890 1336 137
917 1269 956 1333 de
978 1268 1106 1353 spiritu,
1134 1273 1277 1348 accentu,

108 1378 214 1458 etymo
233 1375 379 1440 vocabuli
411 1370 616 1459 ὀλοοίτροχος
641 1398 714 1442 cum
740 1375 812 1442 aliis
840 1378 1083 1442 auctoritatibus
1104 1377 1279 1443 Aristonici

107 1483 300 1549 sententiam
323 1481 415 1548 affert
437 1483 534 1567 (qnod
553 1483 697 1548 scholion
719 1483 924 1570 negligenter
944 1505 980 1547 ac
1000 1484 1109 1568 potius
1130 1507 1278 1568 perverse

106 1589 333 1675 transcriptum
349 1590 470 1676 legitur
483 1591 534 1655 Et.
549 1589 593 1654 M.
608 1614 639 1674 p.
656 1597 725 1669 622,
740 1593 802 1673 39).
824 1629 865 1637 -
888 1590 976 1668 Quae
995 1591 1055 1656 hac
1076 1594 1277 1678 paragrapho

107 1698 313 1775 contulimus,
343 1721 380 1764 ea
405 1701 555 1781 putamus
578 1720 617 1762 ex
639 1697 814 1763 Aristonici
836 1698 1074 1763 commentariis
1095 1698 1278 1765 Homericis

108 1806 276 1890 desumpta
297 1827 392 1885 essa·
407 1826 472 1889 quo
498 1806 553 1889 qui
578 1805 673 1870 huius
696 1807 897 1891 grammatici
917 1805 1070 1889 reliquias
1092 1807 1186 1871 nobis
1209 1806 1276 1872 col·
1290 1809 1326 1878 (6)

106 1912 206 1978 lectas
221 1913 295 1978 dare
311 1913 448 1978 voluerit
462 1913 524 1978 alia
538 1912 671 1978 habebit
693 1936 775 1996 quae
797 1913 925 1992 referat,
946 1935 971 1979 e.
994 1935 1023 1999 g.
1046 1934 1085 1978 ex
1103 1912 1276 1978 Eustathio

107 2023 140 2085 et
160 2019 332 2104 Hesychio.
373 2020 499 2086 Horum
521 2021 827 2086 commentariorum
855 2020 973 2085 diserta
994 2019 1130 2086 fortasse
1154 2022 1277 2087 mentio

106 2127 168 2192 fuit
190 2150 227 2192 eo
247 2129 329 2207 loco,
352 2149 416 2219 quo
431 2127 623 2192 Ammonius
645 2128 741 2205 huius
761 2128 965 2212 grammatici
987 2127 1096 2212 copias
1118 2128 1278 2194 meminit:

105 2257 137 2321 p.
155 2240 212 2303 103
227 2228 342 2318 ὀλίγον
355 2232 412 2299 καί
426 2231 546 2317 μικρὸν
561 2231 728 2321 διαφέρει·
751 2231 789 2302 τό
803 2230 864 2316 μὲν
879 2232 940 2318 γὰρ
961 2227 1075 2318 ὀλίγον
1097 2227 1149 2298 ἐπ’
1174 2227 1278 2319 άριθ-

105 2345 182 2423 μοῦ,
203 2339 242 2408 τὸ
262 2338 299 2408 δὲ
315 2338 436 2427 μικρὸν
457 2338 514 2407 ε’πί
532 2338 700 2426 μεγέθους
717 2334 883 2411 τάσσεται.
902 2335 1129 2427 Ἀριστόνικος
1144 2338 1179 2406 ἐν
1192 2336 1278 2409 ὀπο-

104 2444 250 2538 μνήματι
265 2442 393 2515 ὀκάλεά
410 2446 465 2514 ἐπί
478 2444 641 2530 στοιχείου
657 2442 772 2537 ὀλίγην
794 2449 911 2537 νησῖδα
926 2448 1116 2538 Καλυψοῦς.
1138 2449 1220 2537 φασί
1242 2447 1278 2515 δὲ

107 2553 228 2636 οὕτως·
257 2552 372 2646 ὀλίγην
397 2554 519 2641 μικρὰν
544 2550 811 2635 ὀπαλλακτικιῦς.
837 2554 957 2640 τὸμὲν
981 2560 1059 2642 γοῦν
1085 2551 1202 2642 ὀλίγον
1223 2551 1286 2622 ἐπ’»

107 2659 272 2752 ἀριθμοῦ,
304 2664 342 2731 τὸ
370 2663 407 2732 δὲ
429 2662 549 2750 μικρὸν
580 2661 638 2729 ὀπί
663 2661 832 2750 μεγέθους
862 2659 1029 2736 τάσσεται.
1055 2664 1112 2732 καί
1129 2662 1278 2754 (Όμηρος

104 2769 244 2862 ,δίφρον
272 2769 436 2840 ἀεικέλιον
461 2769 632 2858 παραθεὶς
653 2767 767 2858 ὀλίγην
788 2797 823 2838 τε
844 2767 1029 2860 τράπεζαν“
1050 2778 1081 2858 (υ
1102 2771 1190 2859 259),
1219 2772 1278 2862 τὴν

95 2878 236 2966 Ιμικράν.
268 2884 330 2949 Hic
345 2884 444 2968 igitur
458 2883 549 2948 locus
564 2885 742 2967 corruptae,
763 2886 800 2948 ut
814 2887 912 2968 patet,
935 2883 1040 2966 possit
1062 2883 1277 2967 suspicionem
1322 2869 1326 2875 ’

105 3015 234 3058 movere
259 2992 317 3056 illo
345 2991 520 3056 Aristonici
546 2983 776 3076 ὑπομνήματι,
811 3012 884 3055 cum
916 3012 1020 3056 sermo
1048 2991 1090 3055 sit
1116 2991 1154 3055 de
1182 3013 1216 3054 re
1242 2991 1277 3055 in

105 3100 285 3167 Homericis
301 3101 397 3165 etiam
413 3098 606 3163 carminibus
621 3099 772 3182 notanda,
789 3098 1054 3164 commentarium
1069 3097 1276 3163 Homericum

106 3208 322 3294 significatum
351 3201 471 3273 fuisse
507 3205 662 3271 Attamen
700 3206 912 3272 Valckenario
945 3205 1184 3270 assentiendum
1216 3205 1277 3270 erit
1366 3258 1368 3261 .

104 3318 213 3382 locum
227 3318 272 3381 sic
288 3314 471 3380 emendanti
486 3318 527 3396 (p.
546 3317 633 3396 180:
651 3305 877 3399 Ἀριστόνικος
895 3309 930 3378 ἐν
944 3304 1162 3399 ὑπομνήματι
1181 3304 1276 3376 Ἑκά-

104 3424 163 3510 λης
184 3420 241 3488 ὀπί
262 3417 372 3503 στίχου
934 3424 937 3430 ’

479 3524 592 3616 ὀλίγην
612 3530 730 3616 νησῖδα
752 3527 940 3618 Καλυψοῦς

102 3636 203 3728 φησίν
215 3634 332 3717 οὕτως·
348 3629 462 3724 ὀλίγην
475 3631 603 3722 μικράν,
620 3642 679 3706 cet.
703 3639 823 3724 <Aliter
832 3637 940 3701 locum
954 3636 1122 3702 restituere
1139 3638 1273 3700 conatus

102 3753 151 3813 est
173 3750 210 3814 0.
231 3748 406 3814 Schneider
428 3747 612 3814 Oallimach.
634 3746 716 3830 Hp.
738 3745 825 3830 672.)

182 3855 268 3922 Illud
290 3852 347 3920 ὀπί
368 3848 477 3934 στίχου
499 3855 575 3920 novi
597 3877 636 3920 ex
657 3853 824 3938 Apollonii
845 3852 905 3918 lea
926 3852 1021 3917 Hom.
1045 3844 1276 3935 ὀπιστάμενοςι

101 3960 159 4031 ὀπί
179 3961 288 4044 στίχου
310 3959 345 4029 ἐν
364 3966 404 4053 τῇ
425 3957 667 4038 ΞὈδυσσείας
692 3963 765 4043 (359
787 3953 907 4046 ἀνδρὸς
928 3955 1162 4043 ἐπισταμένου)
1184 3954 1276 4043 Ἀρί-

100 4093 239 4157 σταρχος
264 4075 324 4136 τοῦ
346 4064 584 4156 ίπιστῆμονος.’
619 4070 714 4149 Quod
739 4070 784 4134 sic
814 4069 1019 4134 scribendum
1046 4072 1106 4147 est,
1134 4089 1213 4146 non,
1239 4071 1276 4132 ut

101 4182 192 4258 solet,
221 4184 379 4246 commate
412 4182 462 4246 vel
487 4183 609 4265 puncto
636 4178 743 4263 posito
766 4182 841 4244 ante
862 4169 1084 4259 Ἀρίσταρχος.
1127 4174 1189 4240 llst
1212 4175 1275 4263 hoc

100 4290 229 4356 brevius
245 4289 365 4354 dictum
378 4310 437 4374 pro
454 4311 492 4354 eo
511 4288 599 4372 quod
621 4290 669 4353 est
691 4286 777 4370 apud
799 4286 936 4351 eundem
950 4282 1174 4368 Apollonium:
1195 4303 1274 4363 συμ-

101 4392 221 4487 φερτήι
242 4393 302 4463 ὀπί
314 4398 371 4462 τοῦ
385 4391 496 4477 στίχου
518 4388 634 4461 τούτου
655 4389 840 4480 ,μυμφερτη
857 4387 885 4456 δ’
901 4386 998 4480 ὀρετίγ
1010 4387 1108 4456 πέλει
1130 4387 1295 4474 ὀνδρῶνΨ
