<?xml version="1.0" encoding="UTF-8"?>
<!DOCTYPE html PUBLIC "-//W3C//DTD XHTML 1.0 Transitional//EN"
    "http://www.w3.org/TR/xhtml1/DTD/xhtml1-transitional.dtd">
<html xmlns="http://www.w3.org/1999/xhtml" xml:lang="en" lang="en">
 <head>
  <title>
</title>
<meta http-equiv="Content-Type" content="text/html;charset=utf-8" />
  <meta name='ocr-system' content='tesseract 3.04.00' />
  <meta name='ocr-capabilities' content='ocr_page ocr_carea ocr_par ocr_line ocrx_word'/>
</head>
<body>
  <div class='ocr_page' id='page_1' title='image "./dearistarchistu01lehrgoog/dearistarchistu01lehrgoog_0031.png"; bbox 0 0 3008 4980; ppageno 0'>
   <div class='ocr_carea' id='block_1_1' title="bbox 204 318 1083 391">
    <p class='ocr_par' dir='ltr' id='par_1_1' title="bbox 204 318 1083 391">
     <span class='ocr_line' id='line_1_1' title="bbox 204 318 1083 391; baseline 0.003 -18"><span class='ocrx_word' id='word_1_1' title='bbox 204 331 241 391; x_wconf 70' lang='lat'><em>15</em></span> <span class='ocrx_word' id='word_1_2' title='bbox 483 321 504 377; x_wconf 88' lang='lat'><em>1.</em></span> <span class='ocrx_word' id='word_1_3' title='bbox 522 319 563 374; x_wconf 91' lang='lat' dir='ltr'><em>De</em></span> <span class='ocrx_word' id='word_1_4' title='bbox 580 318 703 375; x_wconf 85' lang='lat' dir='ltr'><em>fontibus</em></span> <span class='ocrx_word' id='word_1_5' title='bbox 722 320 865 376; x_wconf 88' lang='lat' dir='ltr'><em>doctrinae</em></span> <span class='ocrx_word' id='word_1_6' title='bbox 882 320 1083 376; x_wconf 71' lang='lat' dir='ltr'><em>Aristarcheas</em></span> 
     </span>
    </p>
   </div>
   <div class='ocr_carea' id='block_1_2' title="bbox 199 489 1376 791">
    <p class='ocr_par' dir='ltr' id='par_1_2' title="bbox 199 489 1376 791">
     <span class='ocr_line' id='line_1_2' title="bbox 201 489 1376 575; baseline -0.003 -19"><span class='ocrx_word' id='word_1_7' title='bbox 201 491 318 575; x_wconf 90' lang='lat' dir='ltr'><em>quibus</em></span> <span class='ocrx_word' id='word_1_8' title='bbox 340 512 451 556; x_wconf 89' lang='lat' dir='ltr'><em>sensus</em></span> <span class='ocrx_word' id='word_1_9' title='bbox 481 490 616 568; x_wconf 89' lang='lat' dir='ltr'><em>deesset,</em></span> <span class='ocrx_word' id='word_1_10' title='bbox 644 489 849 556; x_wconf 76' lang='lat' dir='ltr'><strong>Aristarchus</strong></span> <span class='ocrx_word' id='word_1_11' title='bbox 877 495 985 556; x_wconf 90' lang='lat' dir='ltr'><em>autem</em></span> <span class='ocrx_word' id='word_1_12' title='bbox 1012 490 1129 555; x_wconf 85' lang='lat' dir='ltr'><em>adeas</em></span> <span class='ocrx_word' id='word_1_13' title='bbox 1152 491 1295 572; x_wconf 88' lang='lat' dir='ltr'><em>(versus),</em></span> <span class='ocrx_word' id='word_1_14' title='bbox 1318 489 1376 573; x_wconf 88' lang='lat' dir='ltr'><em>qui</em></span> 
     </span>
     <span class='ocr_line' id='line_1_3' title="bbox 199 597 1375 684; baseline -0.001 -21"><span class='ocrx_word' id='word_1_15' title='bbox 199 599 262 664; x_wconf 91' lang='lat' dir='ltr'><em>hoc</em></span> <span class='ocrx_word' id='word_1_16' title='bbox 282 602 361 684; x_wconf 88' lang='lat' dir='ltr'><em>puta</em></span> <span class='ocrx_word' id='word_1_17' title='bbox 381 598 452 663; x_wconf 89' lang='lat' dir='ltr'><em>loeo</em></span> <span class='ocrx_word' id='word_1_18' title='bbox 475 600 584 681; x_wconf 85' lang='lat' dir='ltr'><em>(recte)</em></span> <span class='ocrx_word' id='word_1_19' title='bbox 610 598 709 682; x_wconf 90' lang='lat' dir='ltr'><em>positi</em></span> <span class='ocrx_word' id='word_1_20' title='bbox 732 603 830 678; x_wconf 91' lang='lat' dir='ltr'><em>erant,</em></span> <span class='ocrx_word' id='word_1_21' title='bbox 858 620 931 663; x_wconf 89' lang='lat' dir='ltr'><em>oum</em></span> <span class='ocrx_word' id='word_1_22' title='bbox 957 598 1026 663; x_wconf 90' lang='lat' dir='ltr'><em>aliis</em></span> <span class='ocrx_word' id='word_1_23' title='bbox 1048 597 1170 663; x_wconf 90' lang='lat' dir='ltr'><em>seilicet</em></span> <span class='ocrx_word' id='word_1_24' title='bbox 1198 619 1264 662; x_wconf 92' lang='grc'><strong>11011</strong></span> <span class='ocrx_word' id='word_1_25' title='bbox 1286 600 1375 663; x_wconf 90' lang='lat' dir='ltr'><em>recte</em></span> 
     </span>
     <span class='ocr_line' id='line_1_4' title="bbox 199 709 421 791; baseline -0.009 -19"><span class='ocrx_word' id='word_1_26' title='bbox 199 709 421 791; x_wconf 78' lang='lat' dir='ltr'><em>ponerentur‘.</em></span> 
     </span>
    </p>
   </div>
   <div class='ocr_carea' id='block_1_3' title="bbox 725 1146 842 1221">
    <p class='ocr_par' dir='ltr' id='par_1_3' title="bbox 725 1146 842 1221">
     <span class='ocr_line' id='line_1_5' title="bbox 725 1146 842 1221; baseline -0.009 0"><span class='ocrx_word' id='word_1_27' title='bbox 725 1146 765 1221; x_wconf 83' lang='lat' dir='ltr'><em>O.</em></span> <span class='ocrx_word' id='word_1_28' title='bbox 796 1147 842 1220; x_wconf 91' lang='grc' dir='ltr'><em>ΙΙ.</em></span> 
     </span>
    </p>
   </div>
   <div class='ocr_carea' id='block_1_4' title="bbox 199 1310 1377 1502">
    <p class='ocr_par' dir='ltr' id='par_1_4' title="bbox 199 1310 1377 1502">
     <span class='ocr_line' id='line_1_6' title="bbox 378 1310 1185 1395; baseline 0.001 -21"><span class='ocrx_word' id='word_1_29' title='bbox 378 1310 515 1395; x_wconf 73' lang='lat' dir='ltr'><em>Drityori</em></span> <span class='ocrx_word' id='word_1_30' title='bbox 533 1311 610 1375; x_wconf 80' lang='lat' dir='ltr'><em>leber</em></span> <span class='ocrx_word' id='word_1_31' title='bbox 632 1311 671 1375; x_wconf 84' lang='lat' dir='ltr'><em>dc</em></span> <span class='ocrx_word' id='word_1_32' title='bbox 692 1311 876 1377; x_wconf 68' lang='lat' dir='ltr'><em>Aristarchi</em></span> <span class='ocrx_word' id='word_1_33' title='bbox 893 1311 1026 1376; x_wconf 64' lang='lat' dir='ltr'><em>ediante</em></span> <span class='ocrx_word' id='word_1_34' title='bbox 1047 1311 1185 1375; x_wconf 84' lang='lat' dir='ltr'><em>Homeri</em></span> 
     </span>
     <span class='ocr_line' id='line_1_7' title="bbox 199 1415 1377 1502; baseline -0.004 -19"><span class='ocrx_word' id='word_1_35' title='bbox 199 1421 248 1484; x_wconf 89' lang='lat' dir='ltr'><em>De</em></span> <span class='ocrx_word' id='word_1_36' title='bbox 277 1418 483 1484; x_wconf 74' lang='lat' dir='ltr'><em>adornatione</em></span> <span class='ocrx_word' id='word_1_37' title='bbox 508 1418 625 1484; x_wconf 83' lang='lat' dir='ltr'><em>codicis</em></span> <span class='ocrx_word' id='word_1_38' title='bbox 657 1419 768 1484; x_wconf 83' lang='lat' dir='ltr'><em>Veneti</em></span> <span class='ocrx_word' id='word_1_39' title='bbox 787 1420 827 1486; x_wconf 83' lang='lat' dir='ltr'><em>A.</em></span> <span class='ocrx_word' id='word_1_40' title='bbox 853 1418 1037 1483; x_wconf 72' lang='lat' dir='ltr'><em>Heracliani</em></span> <span class='ocrx_word' id='word_1_41' title='bbox 1059 1419 1136 1483; x_wconf 75' lang='lat' dir='ltr'><em>leber</em></span> <span class='ocrx_word' id='word_1_42' title='bbox 1163 1416 1201 1481; x_wconf 85' lang='lat' dir='ltr'><em>de</em></span> <span class='ocrx_word' id='word_1_43' title='bbox 1221 1415 1377 1502; x_wconf 74' lang='lat' dir='ltr'><em>prosodia</em></span> 
     </span>
    </p>
   </div>
   <div class='ocr_carea' id='block_1_5' title="bbox 692 1527 872 1593">
    <p class='ocr_par' dir='ltr' id='par_1_5' title="bbox 692 1527 872 1593">
     <span class='ocr_line' id='line_1_8' title="bbox 692 1527 872 1593; baseline 0.017 -3"><span class='ocrx_word' id='word_1_44' title='bbox 692 1527 872 1593; x_wconf 79' lang='lat' dir='ltr'><em>Homerico.</em></span> 
     </span>
    </p>
   </div>
   <div class='ocr_carea' id='block_1_6' title="bbox 154 1691 1374 2433">
    <p class='ocr_par' dir='ltr' id='par_1_6' title="bbox 154 1691 1374 2433">
     <span class='ocr_line' id='line_1_9' title="bbox 282 1691 1374 1778; baseline -0.006 -16"><span class='ocrx_word' id='word_1_45' title='bbox 282 1697 353 1775; x_wconf 65' lang='lat' dir='ltr'><em>§A</em></span> <span class='ocrx_word' id='word_1_46' title='bbox 397 1693 432 1760; x_wconf 85' lang='lat' dir='ltr'><em>Si</em></span> <span class='ocrx_word' id='word_1_47' title='bbox 459 1694 587 1778; x_wconf 89' lang='lat' dir='ltr'><em>quidem</em></span> <span class='ocrx_word' id='word_1_48' title='bbox 612 1691 760 1757; x_wconf 87' lang='lat' dir='ltr'><em>laborum</em></span> <span class='ocrx_word' id='word_1_49' title='bbox 785 1695 977 1770; x_wconf 89' lang='lat' dir='ltr'><em>nostrorum,</em></span> <span class='ocrx_word' id='word_1_50' title='bbox 1008 1713 1089 1775; x_wconf 91' lang='lat' dir='ltr'><em>quos</em></span> <span class='ocrx_word' id='word_1_51' title='bbox 1115 1692 1251 1756; x_wconf 83' lang='lat' dir='ltr'><em>aliorum</em></span> <span class='ocrx_word' id='word_1_52' title='bbox 1277 1712 1374 1755; x_wconf 88' lang='lat' dir='ltr'><em>causa</em></span> 
     </span>
     <span class='ocr_line' id='line_1_10' title="bbox 201 1799 1373 1887; baseline -0.005 -17"><span class='ocrx_word' id='word_1_53' title='bbox 201 1803 407 1887; x_wconf 89' lang='lat' dir='ltr'><em>suscepimus,</em></span> <span class='ocrx_word' id='word_1_54' title='bbox 434 1800 521 1864; x_wconf 86' lang='lat' dir='ltr'><em>haud</em></span> <span class='ocrx_word' id='word_1_55' title='bbox 548 1799 817 1864; x_wconf 90' lang='lat' dir='ltr'><em>contemnendum</em></span> <span class='ocrx_word' id='word_1_56' title='bbox 840 1799 1018 1883; x_wconf 91' lang='lat' dir='ltr'><em>praemium</em></span> <span class='ocrx_word' id='word_1_57' title='bbox 1050 1802 1100 1865; x_wconf 91' lang='lat' dir='ltr'><em>est</em></span> <span class='ocrx_word' id='word_1_58' title='bbox 1125 1801 1153 1865; x_wconf 91' lang='lat' dir='ltr'><em>si</em></span> <span class='ocrx_word' id='word_1_59' title='bbox 1188 1799 1266 1884; x_wconf 90' lang='lat' dir='ltr'><em>quid</em></span> <span class='ocrx_word' id='word_1_60' title='bbox 1297 1799 1373 1864; x_wconf 90' lang='lat' dir='ltr'><em>inde</em></span> 
     </span>
     <span class='ocr_line' id='line_1_11' title="bbox 154 1906 1373 1992; baseline 0 -22"><span class='ocrx_word' id='word_1_61' title='bbox 154 1919 185 1972; x_wconf 83' lang='grc'><em>16</em></span> <span class='ocrx_word' id='word_1_62' title='bbox 200 1911 251 1977; x_wconf 83' lang='grc'><em>101</em></span> <span class='ocrx_word' id='word_1_63' title='bbox 277 1911 317 1975; x_wconf 86' lang='lat' dir='ltr'><em>ad</em></span> <span class='ocrx_word' id='word_1_64' title='bbox 345 1908 519 1992; x_wconf 90' lang='lat' dir='ltr'><em>nosipsos</em></span> <span class='ocrx_word' id='word_1_65' title='bbox 545 1929 611 1971; x_wconf 91' lang='lat' dir='ltr'><em>non</em></span> <span class='ocrx_word' id='word_1_66' title='bbox 643 1911 832 1990; x_wconf 79' lang='lat' dir='ltr'>quaerentes</span> <span class='ocrx_word' id='word_1_67' title='bbox 862 1906 1021 1971; x_wconf 88' lang='lat' dir='ltr'><em>redundat</em></span> <span class='ocrx_word' id='word_1_68' title='bbox 1052 1907 1275 1984; x_wconf 82' lang='lat' dir='ltr'>emolumenti,</span> <span class='ocrx_word' id='word_1_69' title='bbox 1310 1907 1373 1971; x_wconf 90' lang='lat' dir='ltr'><em>hoc</em></span> 
     </span>
     <span class='ocr_line' id='line_1_12' title="bbox 201 2014 1373 2100; baseline -0.007 -15"><span class='ocrx_word' id='word_1_70' title='bbox 201 2016 405 2085; x_wconf 76' lang='lat' dir='ltr'><em>Aristarchus</em></span> <span class='ocrx_word' id='word_1_71' title='bbox 433 2019 582 2100; x_wconf 86' lang='lat' dir='ltr'><em>expertus</em></span> <span class='ocrx_word' id='word_1_72' title='bbox 610 2017 667 2080; x_wconf 90' lang='lat' dir='ltr'><em>est.</em></span> <span class='ocrx_word' id='word_1_73' title='bbox 709 2014 841 2080; x_wconf 80' lang='lat' dir='ltr'><em>Etenim</em></span> <span class='ocrx_word' id='word_1_74' title='bbox 870 2037 966 2099; x_wconf 91' lang='lat' dir='ltr'><em>quam</em></span> <span class='ocrx_word' id='word_1_75' title='bbox 992 2018 1094 2080; x_wconf 88' lang='lat' dir='ltr'><em>artem</em></span> <span class='ocrx_word' id='word_1_76' title='bbox 1116 2014 1279 2080; x_wconf 77' lang='lat' dir='ltr'><em>subtiliter</em></span> <span class='ocrx_word' id='word_1_77' title='bbox 1301 2014 1373 2079; x_wconf 87' lang='lat' dir='ltr'><em>dili-</em></span> 
     </span>
     <span class='ocr_line' id='line_1_13' title="bbox 200 2121 1373 2212; baseline -0.005 -20"><span class='ocrx_word' id='word_1_78' title='bbox 200 2131 378 2212; x_wconf 86' lang='lat' dir='ltr'><em>genterque</em></span> <span class='ocrx_word' id='word_1_79' title='bbox 399 2127 535 2189; x_wconf 90' lang='lat' dir='ltr'><em>tractare</em></span> <span class='ocrx_word' id='word_1_80' title='bbox 558 2122 717 2200; x_wconf 81' lang='lat' dir='ltr'><em>docuerat,</em></span> <span class='ocrx_word' id='word_1_81' title='bbox 740 2145 810 2187; x_wconf 90' lang='lat' dir='ltr'><em>eam</em></span> <span class='ocrx_word' id='word_1_82' title='bbox 823 2121 981 2206; x_wconf 82' lang='lat' dir='ltr'><em>Didymus</em></span> <span class='ocrx_word' id='word_1_83' title='bbox 1003 2127 1070 2187; x_wconf 91' lang='lat' dir='ltr'><em>tam</em></span> <span class='ocrx_word' id='word_1_84' title='bbox 1092 2124 1221 2209; x_wconf 79' lang='lat' dir='ltr'><em>egregie</em></span> <span class='ocrx_word' id='word_1_85' title='bbox 1243 2123 1283 2187; x_wconf 91' lang='lat' dir='ltr'><em>ad</em></span> <span class='ocrx_word' id='word_1_86' title='bbox 1305 2123 1373 2187; x_wconf 92' lang='lat' dir='ltr'><em>edi·</em></span> 
     </span>
     <span class='ocr_line' id='line_1_14' title="bbox 200 2229 1373 2309; baseline -0.006 -10"><span class='ocrx_word' id='word_1_87' title='bbox 200 2235 306 2299; x_wconf 90' lang='lat' dir='ltr'><em>tiones</em></span> <span class='ocrx_word' id='word_1_88' title='bbox 325 2231 503 2300; x_wconf 82' lang='lat' dir='ltr'><em>Aristarchi</em></span> <span class='ocrx_word' id='word_1_89' title='bbox 524 2230 711 2296; x_wconf 79' lang='lat' dir='ltr'><em>Homericae</em></span> <span class='ocrx_word' id='word_1_90' title='bbox 734 2230 889 2309; x_wconf 84' lang='lat' dir='ltr'><em>adhibuit,</em></span> <span class='ocrx_word' id='word_1_91' title='bbox 910 2234 947 2295; x_wconf 94' lang='lat' dir='ltr'><em>ut</em></span> <span class='ocrx_word' id='word_1_92' title='bbox 968 2231 1050 2294; x_wconf 89' lang='lat' dir='ltr'><em>nihil</em></span> <span class='ocrx_word' id='word_1_93' title='bbox 1071 2231 1150 2295; x_wconf 90' lang='lat' dir='ltr'><em>mihi</em></span> <span class='ocrx_word' id='word_1_94' title='bbox 1171 2230 1318 2296; x_wconf 83' lang='lat' dir='ltr'><em>videatur</em></span> <span class='ocrx_word' id='word_1_95' title='bbox 1338 2229 1373 2293; x_wconf 90' lang='lat' dir='ltr'><em>in</em></span> 
     </span>
     <span class='ocr_line' id='line_1_15' title="bbox 198 2336 1374 2433; baseline -0.003 -27"><span class='ocrx_word' id='word_1_96' title='bbox 198 2343 262 2406; x_wconf 92' lang='lat' dir='ltr'><em>hoc</em></span> <span class='ocrx_word' id='word_1_97' title='bbox 283 2362 400 2428; x_wconf 85' lang='lat' dir='ltr'><em>genere</em></span> <span class='ocrx_word' id='word_1_98' title='bbox 421 2340 502 2425; x_wconf 90' lang='lat' dir='ltr'><em>fingi</em></span> <span class='ocrx_word' id='word_1_99' title='bbox 523 2361 617 2422; x_wconf 90' lang='lat' dir='ltr'><em>posse</em></span> <span class='ocrx_word' id='word_1_100' title='bbox 638 2337 818 2422; x_wconf 83' lang='lat' dir='ltr'><em>perfectius.</em></span> <span class='ocrx_word' id='word_1_101' title='bbox 860 2337 1028 2433; x_wconf 76' lang='lat' dir='ltr'><em>Eiusmodi</em></span> <span class='ocrx_word' id='word_1_102' title='bbox 1048 2338 1157 2421; x_wconf 84' lang='lat' dir='ltr'><em>libros,</em></span> <span class='ocrx_word' id='word_1_103' title='bbox 1176 2337 1280 2422; x_wconf 90' lang='lat' dir='ltr'><em>qualis</em></span> <span class='ocrx_word' id='word_1_104' title='bbox 1299 2336 1374 2402; x_wconf 87' lang='lat' dir='ltr'><em>Ari·</em></span> 
     </span>
    </p>
   </div>
   <div class='ocr_carea' id='block_1_7' title="bbox 135 2445 1458 4471">
    <p class='ocr_par' dir='ltr' id='par_1_7' title="bbox 135 2445 1458 4471">
     <span class='ocr_line' id='line_1_16' title="bbox 200 2445 1373 2528; baseline -0.007 -13"><span class='ocrx_word' id='word_1_105' title='bbox 200 2449 319 2515; x_wconf 79' lang='lat' dir='ltr'><em>starchi</em></span> <span class='ocrx_word' id='word_1_106' title='bbox 335 2447 397 2512; x_wconf 85' lang='lat' dir='ltr'><em>fuit</em></span> <span class='ocrx_word' id='word_1_107' title='bbox 419 2447 516 2512; x_wconf 91' lang='lat' dir='ltr'><em>editio</em></span> <span class='ocrx_word' id='word_1_108' title='bbox 539 2445 681 2525; x_wconf 87' lang='lat' dir='ltr'><em>Homeri,</em></span> <span class='ocrx_word' id='word_1_109' title='bbox 703 2467 767 2528; x_wconf 92' lang='lat' dir='ltr'><em>quo</em></span> <span class='ocrx_word' id='word_1_110' title='bbox 789 2448 840 2511; x_wconf 91' lang='lat' dir='ltr'><em>tot</em></span> <span class='ocrx_word' id='word_1_111' title='bbox 855 2445 1041 2511; x_wconf 86' lang='lat' dir='ltr'><em>nitebantur</em></span> <span class='ocrx_word' id='word_1_112' title='bbox 1060 2447 1128 2512; x_wconf 89' lang='lat' dir='ltr'><em>eius</em></span> <span class='ocrx_word' id='word_1_113' title='bbox 1144 2445 1373 2523; x_wconf 88' lang='lat' dir='ltr'><em>commentarii,</em></span> 
     </span>
     <span class='ocr_line' id='line_1_17' title="bbox 200 2552 1372 2641; baseline -0.006 -18"><span class='ocrx_word' id='word_1_114' title='bbox 200 2558 284 2623; x_wconf 91' lang='lat' dir='ltr'><em>unde</em></span> <span class='ocrx_word' id='word_1_115' title='bbox 304 2554 472 2641; x_wconf 87' lang='lat' dir='ltr'><em>proficisci,</em></span> <span class='ocrx_word' id='word_1_116' title='bbox 494 2575 558 2638; x_wconf 94' lang='lat' dir='ltr'><em>quo</em></span> <span class='ocrx_word' id='word_1_117' title='bbox 579 2553 682 2618; x_wconf 91' lang='lat' dir='ltr'><em>redire</em></span> <span class='ocrx_word' id='word_1_118' title='bbox 704 2552 814 2617; x_wconf 91' lang='lat' dir='ltr'><em>schola</em></span> <span class='ocrx_word' id='word_1_119' title='bbox 836 2554 904 2619; x_wconf 90' lang='lat' dir='ltr'><em>eius</em></span> <span class='ocrx_word' id='word_1_120' title='bbox 928 2554 1079 2633; x_wconf 88' lang='lat' dir='ltr'><em>debebat,</em></span> <span class='ocrx_word' id='word_1_121' title='bbox 1107 2553 1279 2640; x_wconf 87' lang='lat' dir='ltr'><em>diligenter</em></span> <span class='ocrx_word' id='word_1_122' title='bbox 1304 2574 1372 2617; x_wconf 89' lang='lat' dir='ltr'><em>csse</em></span> 
     </span>
     <span class='ocr_line' id='line_1_18' title="bbox 200 2661 1374 2748; baseline -0.004 -17"><span class='ocrx_word' id='word_1_123' title='bbox 200 2665 375 2748; x_wconf 87' lang='lat' dir='ltr'><em>descriptos</em></span> <span class='ocrx_word' id='word_1_124' title='bbox 398 2661 538 2727; x_wconf 90' lang='lat' dir='ltr'><em>dubitari</em></span> <span class='ocrx_word' id='word_1_125' title='bbox 559 2661 681 2745; x_wconf 88' lang='lat' dir='ltr'><em>nequit.</em></span> <span class='ocrx_word' id='word_1_126' title='bbox 726 2661 879 2726; x_wconf 79' lang='lat' dir='ltr'><em>Attamen</em></span> <span class='ocrx_word' id='word_1_127' title='bbox 900 2661 988 2726; x_wconf 91' lang='lat' dir='ltr'><em>nulla</em></span> <span class='ocrx_word' id='word_1_128' title='bbox 1006 2663 1131 2727; x_wconf 91' lang='lat' dir='ltr'><em>ratione</em></span> <span class='ocrx_word' id='word_1_129' title='bbox 1154 2663 1231 2726; x_wconf 91' lang='lat' dir='ltr'><em>satis</em></span> <span class='ocrx_word' id='word_1_130' title='bbox 1246 2664 1374 2746; x_wconf 91' lang='lat' dir='ltr'><em>poterat</em></span> 
     </span>
     <span class='ocr_line' id='line_1_19' title="bbox 200 2768 1372 2855; baseline -0.007 -14"><span class='ocrx_word' id='word_1_131' title='bbox 200 2773 312 2855; x_wconf 88' lang='lat' dir='ltr'><em>caveri,</em></span> <span class='ocrx_word' id='word_1_132' title='bbox 340 2793 381 2836; x_wconf 91' lang='lat' dir='ltr'><em>ne</em></span> <span class='ocrx_word' id='word_1_133' title='bbox 409 2770 487 2854; x_wconf 88' lang='lat' dir='ltr'><em>quid</em></span> <span class='ocrx_word' id='word_1_134' title='bbox 514 2768 725 2855; x_wconf 82' lang='lat' dir='ltr'><em>gliscentibus</em></span> <span class='ocrx_word' id='word_1_135' title='bbox 752 2768 887 2834; x_wconf 89' lang='lat' dir='ltr'><em>saeculis</em></span> <span class='ocrx_word' id='word_1_136' title='bbox 908 2791 1004 2854; x_wconf 89' lang='lat' dir='ltr'><em>prave</em></span> <span class='ocrx_word' id='word_1_137' title='bbox 1028 2770 1260 2834; x_wconf 85' lang='lat' dir='ltr'><em>describeretur</em></span> <span class='ocrx_word' id='word_1_138' title='bbox 1287 2791 1372 2834; x_wconf 91' lang='lat' dir='ltr'><em>com·</em></span> 
     </span>
     <span class='ocr_line' id='line_1_20' title="bbox 198 2877 1373 2970; baseline -0.005 -23"><span class='ocrx_word' id='word_1_139' title='bbox 198 2883 372 2970; x_wconf 86' lang='lat' dir='ltr'><em>pluresque</em></span> <span class='ocrx_word' id='word_1_140' title='bbox 393 2878 457 2943; x_wconf 88' lang='lat' dir='ltr'><em>loci</em></span> <span class='ocrx_word' id='word_1_141' title='bbox 472 2877 700 2958; x_wconf 87' lang='lat' dir='ltr'><em>invenirentur,</em></span> <span class='ocrx_word' id='word_1_142' title='bbox 722 2877 839 2960; x_wconf 90' lang='lat' dir='ltr'><em>quibus</em></span> <span class='ocrx_word' id='word_1_143' title='bbox 862 2899 943 2960; x_wconf 91' lang='lat' dir='ltr'><em>quae</em></span> <span class='ocrx_word' id='word_1_144' title='bbox 957 2877 1137 2942; x_wconf 81' lang='lat' dir='ltr'><em>Aristarchi</em></span> <span class='ocrx_word' id='word_1_145' title='bbox 1159 2877 1316 2942; x_wconf 87' lang='lat' dir='ltr'><em>editiones</em></span> <span class='ocrx_word' id='word_1_146' title='bbox 1338 2899 1373 2941; x_wconf 94' lang='lat' dir='ltr'><em>se</em></span> 
     </span>
     <span class='ocr_line' id='line_1_21' title="bbox 135 2983 1373 3079; baseline -0.007 -22"><span class='ocrx_word' id='word_1_147' title='bbox 135 3009 189 3079; x_wconf 84' lang='lat'>(19)</span> <span class='ocrx_word' id='word_1_148' title='bbox 201 2988 436 3077; x_wconf 88' lang='lat' dir='ltr'><em>profitebantur</em></span> <span class='ocrx_word' id='word_1_149' title='bbox 456 2984 521 3048; x_wconf 91' lang='lat' dir='ltr'><em>iam</em></span> <span class='ocrx_word' id='word_1_150' title='bbox 534 3005 601 3048; x_wconf 91' lang='grc'><strong>11011</strong></span> <span class='ocrx_word' id='word_1_151' title='bbox 617 2984 844 3069; x_wconf 88' lang='lat' dir='ltr'><em>conspirarent</em></span> <span class='ocrx_word' id='word_1_152' title='bbox 885 2983 962 3051; x_wconf 90' lang='lat' dir='ltr'><em>Non</em></span> <span class='ocrx_word' id='word_1_153' title='bbox 982 2985 1087 3049; x_wconf 91' lang='lat' dir='ltr'><em>minor</em></span> <span class='ocrx_word' id='word_1_154' title='bbox 1108 2984 1193 3069; x_wconf 91' lang='lat' dir='ltr'><em>apud</em></span> <span class='ocrx_word' id='word_1_155' title='bbox 1213 2985 1373 3070; x_wconf 91' lang='lat' dir='ltr'><em>posterio-</em></span> 
     </span>
     <span class='ocr_line' id='line_1_22' title="bbox 199 3090 1374 3178; baseline -0.001 -21"><span class='ocrx_word' id='word_1_156' title='bbox 199 3114 249 3178; x_wconf 84' lang='lat' dir='ltr'><em>res</em></span> <span class='ocrx_word' id='word_1_157' title='bbox 279 3091 505 3178; x_wconf 89' lang='lat' dir='ltr'><em>grammaticos</em></span> <span class='ocrx_word' id='word_1_158' title='bbox 530 3090 706 3157; x_wconf 91' lang='lat' dir='ltr'><em>Herodiani</em></span> <span class='ocrx_word' id='word_1_159' title='bbox 743 3093 917 3157; x_wconf 85' lang='lat' dir='ltr'><em>auctoritas</em></span> <span class='ocrx_word' id='word_1_160' title='bbox 952 3115 1048 3176; x_wconf 91' lang='lat' dir='ltr'><em>quam</em></span> <span class='ocrx_word' id='word_1_161' title='bbox 1082 3091 1160 3156; x_wconf 93' lang='lat' dir='ltr'><em>olim</em></span> <span class='ocrx_word' id='word_1_162' title='bbox 1194 3091 1374 3157; x_wconf 84' lang='lat' dir='ltr'><em>Aristarchi</em></span> 
     </span>
     <span class='ocr_line' id='line_1_23' title="bbox 198 3198 1375 3284; baseline 0 -19"><span class='ocrx_word' id='word_1_163' title='bbox 198 3199 312 3265; x_wconf 89' lang='lat' dir='ltr'><em>fuerat.</em></span> <span class='ocrx_word' id='word_1_164' title='bbox 356 3201 507 3264; x_wconf 91' lang='lat' dir='ltr'><em>Attamen</em></span> <span class='ocrx_word' id='word_1_165' title='bbox 528 3198 599 3262; x_wconf 87' lang='lat' dir='ltr'><em>vide</em></span> <span class='ocrx_word' id='word_1_166' title='bbox 623 3222 719 3284; x_wconf 87' lang='lat' dir='ltr'><em>quam</em></span> <span class='ocrx_word' id='word_1_167' title='bbox 739 3199 909 3284; x_wconf 87' lang='lat' dir='ltr'><em>Byzantini</em></span> <span class='ocrx_word' id='word_1_168' title='bbox 934 3200 1119 3284; x_wconf 90' lang='lat' dir='ltr'><em>pedissequi</em></span> <span class='ocrx_word' id='word_1_169' title='bbox 1141 3222 1375 3284; x_wconf 87' lang='lat' dir='ltr'><em>nonnunquam</em></span> 
     </span>
     <span class='ocr_line' id='line_1_24' title="bbox 199 3304 1374 3395; baseline 0.004 -24"><span class='ocrx_word' id='word_1_170' title='bbox 199 3306 356 3373; x_wconf 91' lang='lat' dir='ltr'><em>librorum</em></span> <span class='ocrx_word' id='word_1_171' title='bbox 381 3307 504 3371; x_wconf 87' lang='lat' dir='ltr'><em>incerta</em></span> <span class='ocrx_word' id='word_1_172' title='bbox 531 3304 593 3370; x_wconf 92' lang='lat' dir='ltr'><em>fide</em></span> <span class='ocrx_word' id='word_1_173' title='bbox 627 3306 851 3372; x_wconf 89' lang='lat' dir='ltr'><em>laboraverint.</em></span> <span class='ocrx_word' id='word_1_174' title='bbox 903 3306 1008 3373; x_wconf 83' lang='lat' dir='ltr'><em>Schol.</em></span> <span class='ocrx_word' id='word_1_175' title='bbox 1036 3307 1133 3374; x_wconf 92' lang='lat' dir='ltr'><em>Dion.</em></span> <span class='ocrx_word' id='word_1_176' title='bbox 1161 3331 1208 3395; x_wconf 87' lang='lat' dir='ltr'><em>gr.</em></span> <span class='ocrx_word' id='word_1_177' title='bbox 1236 3313 1306 3388; x_wconf 81' lang='lat'><em>676,</em></span> <span class='ocrx_word' id='word_1_178' title='bbox 1336 3315 1374 3375; x_wconf 85' lang='lat'><em>17</em></span> 
     </span>
     <span class='ocr_line' id='line_1_25' title="bbox 201 3413 1458 3499; baseline 0 -20"><span class='ocrx_word' id='word_1_179' title='bbox 201 3414 378 3481; x_wconf 86' lang='lat' dir='ltr'><em>Herodiani</em></span> <span class='ocrx_word' id='word_1_180' title='bbox 404 3413 623 3478; x_wconf 89' lang='lat' dir='ltr'><em>definitionem</em></span> <span class='ocrx_word' id='word_1_181' title='bbox 654 3414 824 3498; x_wconf 90' lang='lat' dir='ltr'><em>prosodiae</em></span> <span class='ocrx_word' id='word_1_182' title='bbox 861 3414 1007 3499; x_wconf 89' lang='lat' dir='ltr'><em>explicat,</em></span> <span class='ocrx_word' id='word_1_183' title='bbox 1043 3416 1133 3481; x_wconf 89' lang='lat' dir='ltr'><em>cuius</em></span> <span class='ocrx_word' id='word_1_184' title='bbox 1160 3415 1288 3480; x_wconf 88' lang='lat' dir='ltr'><em>initium</em></span> <span class='ocrx_word' id='word_1_185' title='bbox 1310 3418 1374 3479; x_wconf 90' lang='lat' dir='ltr'><em>est:</em></span> <span class='ocrx_word' id='word_1_186' title='bbox 1454 3451 1458 3457; x_wconf 91' lang='lat'>·</span> 
     </span>
     <span class='ocr_line' id='line_1_26' title="bbox 201 3514 1374 3610; baseline 0.001 -26"><span class='ocrx_word' id='word_1_187' title='bbox 201 3515 376 3608; x_wconf 79' lang='grc' dir='ltr'><strong><em>προσῳδία</em></strong></span> <span class='ocrx_word' id='word_1_188' title='bbox 397 3517 462 3586; x_wconf 79' lang='grc' dir='ltr'><strong><em>ἐστὶ</em></strong></span> <span class='ocrx_word' id='word_1_189' title='bbox 483 3517 564 3587; x_wconf 85' lang='grc' dir='ltr'><em>ποιὰ</em></span> <span class='ocrx_word' id='word_1_190' title='bbox 585 3514 679 3598; x_wconf 80' lang='grc' dir='ltr'><strong><em>τάσις</em></strong></span> <span class='ocrx_word' id='word_1_191' title='bbox 700 3515 930 3605; x_wconf 77' lang='grc' dir='ltr'><em>ἑγγραμμιίιου</em></span> <span class='ocrx_word' id='word_1_192' title='bbox 957 3525 1068 3610; x_wconf 81' lang='grc' dir='ltr'><em>φωνῆς</em></span> <span class='ocrx_word' id='word_1_193' title='bbox 1092 3517 1203 3606; x_wconf 77' lang='grc' dir='ltr'><em>ὑγιοῦς</em></span> <span class='ocrx_word' id='word_1_194' title='bbox 1225 3560 1275 3588; x_wconf 90' lang='lat'><em>-.</em></span> <span class='ocrx_word' id='word_1_195' title='bbox 1301 3521 1374 3587; x_wconf 90' lang='lat' dir='ltr'><em>Huc</em></span> 
     </span>
     <span class='ocr_line' id='line_1_27' title="bbox 200 3623 1375 3717; baseline -0.001 -22"><span class='ocrx_word' id='word_1_196' title='bbox 200 3652 390 3717; x_wconf 84' lang='lat' dir='ltr'><em>progressus</em></span> <span class='ocrx_word' id='word_1_197' title='bbox 411 3623 651 3715; x_wconf 85' lang='lat' dir='ltr'><em>interpretando</em></span> <span class='ocrx_word' id='word_1_198' title='bbox 667 3629 768 3695; x_wconf 89' lang='lat' dir='ltr'><em>addit:</em></span> <span class='ocrx_word' id='word_1_199' title='bbox 789 3626 823 3694; x_wconf 78' lang='grc' dir='ltr'><em>ἐν</em></span> <span class='ocrx_word' id='word_1_200' title='bbox 843 3628 985 3707; x_wconf 80' lang='grc' dir='ltr'><em>πολλοῖς</em></span> <span class='ocrx_word' id='word_1_201' title='bbox 999 3626 1042 3695; x_wconf 77' lang='grc' dir='ltr'><em>δὲ</em></span> <span class='ocrx_word' id='word_1_202' title='bbox 1062 3625 1209 3714; x_wconf 80' lang='grc' dir='ltr'><em>βιβλίοις</em></span> <span class='ocrx_word' id='word_1_203' title='bbox 1229 3623 1375 3713; x_wconf 74' lang='grc' dir='ltr'><strong><em>εὑρίσκε-</em></strong></span> 
     </span>
     <span class='ocr_line' id='line_1_28' title="bbox 200 3730 1375 3826; baseline 0.001 -25"><span class='ocrx_word' id='word_1_204' title='bbox 200 3760 257 3804; x_wconf 79' lang='grc' dir='ltr'><em>ται</em></span> <span class='ocrx_word' id='word_1_205' title='bbox 282 3735 339 3803; x_wconf 81' lang='grc' dir='ltr'><em>καὶ</em></span> <span class='ocrx_word' id='word_1_206' title='bbox 365 3731 506 3826; x_wconf 76' lang='grc' dir='ltr'><em>,,ὖγιής“,</em></span> <span class='ocrx_word' id='word_1_207' title='bbox 532 3738 585 3803; x_wconf 79' lang='grc' dir='ltr'><em>ἵνα</em></span> <span class='ocrx_word' id='word_1_208' title='bbox 611 3731 898 3825; x_wconf 60' lang='lat' dir='ltr'><em>octochordum</em></span> <span class='ocrx_word' id='word_1_209' title='bbox 924 3730 1140 3826; x_wconf 78' lang='grc' dir='ltr'><em>ἀναφέρηται.</em></span> <span class='ocrx_word' id='word_1_210' title='bbox 1187 3739 1277 3825; x_wconf 82' lang='lat' dir='ltr'><em>Ergo</em></span> <span class='ocrx_word' id='word_1_211' title='bbox 1312 3738 1375 3803; x_wconf 91' lang='lat' dir='ltr'><em>hoc</em></span> 
     </span>
     <span class='ocr_line' id='line_1_29' title="bbox 200 3845 1373 3932; baseline -0.001 -21"><span class='ocrx_word' id='word_1_212' title='bbox 200 3846 280 3926; x_wconf 89' lang='lat' dir='ltr'><em>dico,</em></span> <span class='ocrx_word' id='word_1_213' title='bbox 301 3846 456 3932; x_wconf 89' lang='lat' dir='ltr'><em>paulatim</em></span> <span class='ocrx_word' id='word_1_214' title='bbox 477 3845 527 3911; x_wconf 89' lang='lat' dir='ltr'><em>vel</em></span> <span class='ocrx_word' id='word_1_215' title='bbox 549 3845 717 3910; x_wconf 89' lang='lat' dir='ltr'><em>scribendo</em></span> <span class='ocrx_word' id='word_1_216' title='bbox 740 3851 773 3912; x_wconf 91' lang='lat' dir='ltr'><em>et</em></span> <span class='ocrx_word' id='word_1_217' title='bbox 794 3846 1053 3912; x_wconf 88' lang='lat' dir='ltr'><em>transscribendo</em></span> <span class='ocrx_word' id='word_1_218' title='bbox 1069 3847 1290 3913; x_wconf 88' lang='lat' dir='ltr'><em>Aristarcheas</em></span> <span class='ocrx_word' id='word_1_219' title='bbox 1311 3845 1373 3911; x_wconf 90' lang='lat' dir='ltr'><em>leo-</em></span> 
     </span>
     <span class='ocr_line' id='line_1_30' title="bbox 198 3953 1376 4040; baseline 0 -22"><span class='ocrx_word' id='word_1_220' title='bbox 198 3954 305 4020; x_wconf 84' lang='lat' dir='ltr'><em>tiones</em></span> <span class='ocrx_word' id='word_1_221' title='bbox 330 3955 468 4019; x_wconf 87' lang='lat' dir='ltr'><em>incertas</em></span> <span class='ocrx_word' id='word_1_222' title='bbox 493 3953 595 4018; x_wconf 89' lang='lat' dir='ltr'><em>factas</em></span> <span class='ocrx_word' id='word_1_223' title='bbox 623 3976 699 4020; x_wconf 90' lang='lat' dir='ltr'><em>esse.</em></span> <span class='ocrx_word' id='word_1_224' title='bbox 753 3953 829 4019; x_wconf 86' lang='lat' dir='ltr'><em>Fuit</em></span> <span class='ocrx_word' id='word_1_225' title='bbox 855 3954 956 4040; x_wconf 87' lang='lat' dir='ltr'><em>igitur</em></span> <span class='ocrx_word' id='word_1_226' title='bbox 988 3955 1113 4039; x_wconf 89' lang='lat' dir='ltr'><em>aliquot</em></span> <span class='ocrx_word' id='word_1_227' title='bbox 1139 3955 1273 4021; x_wconf 87' lang='lat' dir='ltr'><em>saeculis</em></span> <span class='ocrx_word' id='word_1_228' title='bbox 1300 3957 1376 4040; x_wconf 91' lang='lat' dir='ltr'><em>post</em></span> 
     </span>
     <span class='ocr_line' id='line_1_31' title="bbox 198 4061 1374 4146; baseline 0.001 -20"><span class='ocrx_word' id='word_1_229' title='bbox 198 4062 334 4146; x_wconf 92' lang='lat' dir='ltr'><em>perutile</em></span> <span class='ocrx_word' id='word_1_230' title='bbox 357 4084 438 4146; x_wconf 91' lang='lat' dir='ltr'><em>quae</em></span> <span class='ocrx_word' id='word_1_231' title='bbox 459 4066 528 4127; x_wconf 91' lang='lat' dir='ltr'><em>tum</em></span> <span class='ocrx_word' id='word_1_232' title='bbox 549 4065 586 4126; x_wconf 91' lang='lat' dir='ltr'><em>ut</em></span> <span class='ocrx_word' id='word_1_233' title='bbox 605 4061 827 4127; x_wconf 87' lang='lat' dir='ltr'><em>Aristarcheae</em></span> <span class='ocrx_word' id='word_1_234' title='bbox 848 4061 1033 4128; x_wconf 90' lang='lat' dir='ltr'><em>ferebantur</em></span> <span class='ocrx_word' id='word_1_235' title='bbox 1055 4063 1211 4129; x_wconf 91' lang='lat' dir='ltr'><em>lectiones</em></span> <span class='ocrx_word' id='word_1_236' title='bbox 1233 4063 1274 4128; x_wconf 92' lang='lat' dir='ltr'><em>ad</em></span> <span class='ocrx_word' id='word_1_237' title='bbox 1293 4062 1374 4127; x_wconf 91' lang='lat' dir='ltr'><em>fido-</em></span> 
     </span>
     <span class='ocr_line' id='line_1_32' title="bbox 198 4170 1374 4256; baseline 0 -23"><span class='ocrx_word' id='word_1_238' title='bbox 198 4191 270 4234; x_wconf 90' lang='lat' dir='ltr'><em>rum</em></span> <span class='ocrx_word' id='word_1_239' title='bbox 291 4174 573 4235; x_wconf 89' lang='lat' dir='ltr'><em>monumentorum</em></span> <span class='ocrx_word' id='word_1_240' title='bbox 588 4170 735 4254; x_wconf 90' lang='lat' dir='ltr'><em>regulam</em></span> <span class='ocrx_word' id='word_1_241' title='bbox 750 4171 884 4256; x_wconf 84' lang='lat' dir='ltr'><em>exigere.</em></span> <span class='ocrx_word' id='word_1_242' title='bbox 914 4170 1084 4237; x_wconf 91' lang='lat' dir='ltr'><em>Praeterea</em></span> <span class='ocrx_word' id='word_1_243' title='bbox 1105 4194 1178 4236; x_wconf 90' lang='lat' dir='ltr'><em>cum</em></span> <span class='ocrx_word' id='word_1_244' title='bbox 1201 4170 1374 4246; x_wconf 89' lang='lat' dir='ltr'><em>accederet,</em></span> 
     </span>
     <span class='ocr_line' id='line_1_33' title="bbox 198 4277 1375 4361; baseline 0.002 -21"><span class='ocrx_word' id='word_1_245' title='bbox 198 4279 237 4340; x_wconf 92' lang='lat' dir='ltr'><em>ut</em></span> <span class='ocrx_word' id='word_1_246' title='bbox 256 4298 323 4340; x_wconf 91' lang='lat' dir='ltr'><em>non</em></span> <span class='ocrx_word' id='word_1_247' title='bbox 338 4277 436 4343; x_wconf 89' lang='lat' dir='ltr'><em>semel</em></span> <span class='ocrx_word' id='word_1_248' title='bbox 454 4277 661 4341; x_wconf 91' lang='lat' dir='ltr'><em>Aristarchus</em></span> <span class='ocrx_word' id='word_1_249' title='bbox 676 4277 732 4341; x_wconf 91' lang='lat' dir='ltr'><em>sed</em></span> <span class='ocrx_word' id='word_1_250' title='bbox 751 4278 802 4342; x_wconf 92' lang='lat' dir='ltr'><em>his</em></span> <span class='ocrx_word' id='word_1_251' title='bbox 816 4277 995 4344; x_wconf 89' lang='lat' dir='ltr'><em>Homerum</em></span> <span class='ocrx_word' id='word_1_252' title='bbox 1013 4281 1172 4361; x_wconf 86' lang='lat' dir='ltr'><em>edidisset,</em></span> <span class='ocrx_word' id='word_1_253' title='bbox 1193 4280 1255 4344; x_wconf 93' lang='lat' dir='ltr'><em>hoc</em></span> <span class='ocrx_word' id='word_1_254' title='bbox 1277 4278 1375 4342; x_wconf 85' lang='lat' dir='ltr'><em>etiam</em></span> 
     </span>
     <span class='ocr_line' id='line_1_34' title="bbox 198 4384 1374 4471; baseline 0.002 -24"><span class='ocrx_word' id='word_1_255' title='bbox 198 4384 336 4466; x_wconf 90' lang='lat' dir='ltr'><em>perutile</em></span> <span class='ocrx_word' id='word_1_256' title='bbox 359 4385 526 4468; x_wconf 89' lang='lat' dir='ltr'><em>utriusque</em></span> <span class='ocrx_word' id='word_1_257' title='bbox 549 4385 699 4449; x_wconf 90' lang='lat' dir='ltr'><em>editionis</em></span> <span class='ocrx_word' id='word_1_258' title='bbox 720 4385 874 4451; x_wconf 90' lang='lat' dir='ltr'><em>lectiones</em></span> <span class='ocrx_word' id='word_1_259' title='bbox 896 4387 981 4452; x_wconf 90' lang='lat' dir='ltr'><em>inter</em></span> <span class='ocrx_word' id='word_1_260' title='bbox 1003 4410 1037 4453; x_wconf 90' lang='lat' dir='ltr'><em>se</em></span> <span class='ocrx_word' id='word_1_261' title='bbox 1059 4386 1202 4453; x_wconf 85' lang='lat' dir='ltr'><em>conferre</em></span> <span class='ocrx_word' id='word_1_262' title='bbox 1221 4385 1374 4471; x_wconf 87' lang='lat' dir='ltr'><em>singulis·</em></span> 
     </span>
    </p>
   </div>
   <div class='ocr_carea' id='block_1_8' title="bbox 0 0 1508 4980">
    <p class='ocr_par' dir='ltr' id='par_1_8' title="bbox 0 0 1508 4980">
     <span class='ocr_line' id='line_1_35' title="bbox 0 0 1508 4980; baseline 0 0"><span class='ocrx_word' id='word_1_263' title='bbox 0 0 1508 4980; x_wconf 95' lang='lat' dir='ltr'><em> </em></span> 
     </span>
    </p>
   </div>
  </div>
 </body>
</html>
