3008 4980
224 345 243 408 6
499 335 525 391 L
551 334 594 389 De
610 313 740 390 fontibus⁴
753 333 896 391 doctrinae
914 332 1115 389 Aristarcheae.

175 505 278 591 (r)<N
295 503 373 589 237>
395 494 414 569 d
433 500 591 584 Κομαιὸς
612 494 788 587 γενόμενός
810 523 913 588 φησιν
932 554 939 568 .
961 549 995 567 ..
1030 500 1096 568 Sed
1122 524 1173 566 res
1195 504 1307 566 nostra
1328 524 1395 566 non

192 611 364 679 omultum
394 611 479 695 capit
506 610 698 677 detrimenti.
740 609 825 675 Nam
855 614 1077 692 utnusquam
1104 608 1281 674 Aristonici
1311 631 1395 674 com-

224 719 375 786 mentarii
395 718 562 784 Homerici
589 718 660 802 ipso
688 718 813 784 adiecto
841 716 937 782 titulo
965 719 1263 795 commemorentur,
1287 720 1397 782 tamen

224 827 323 892 fuisse
350 826 415 891 loci
440 826 537 892 modo
566 825 665 910 positi
690 825 866 890 certissime
892 827 1061 889 testantur.
1104 824 1199 902 Quod
1228 847 1267 890 ex
1290 823 1396 890 multo

223 933 438 1020 paucioribus,
461 954 543 1017 quae
563 935 635 997 tum
655 931 873 1012 innotuerant,
895 952 995 1018 sagax
1015 932 1178 1016 perspexit
1193 931 1397 997 Valckenarii

223 1042 398 1126 ingenium,
419 1040 440 1105 l.
460 1040 482 1105 l.
514 1038 656 1124 Reliqui,
687 1060 769 1124 quos
790 1039 971 1124 posuimus,
996 1040 1060 1105 looi
1087 1063 1169 1124 quos
1197 1039 1238 1105 ad
1262 1038 1398 1104 Homeri

223 1148 314 1214 locos
342 1147 526 1232 pertineant
555 1169 613 1232 per
638 1169 672 1213 se
697 1149 800 1232 patet3
834 1147 921 1231 quod
949 1147 987 1212 de
1014 1148 1176 1213 veteribus
1201 1147 1294 1232 Epiri
1320 1168 1398 1233 cog·

226 1255 411 1322 nominibus
438 1254 634 1341 regibusque
663 1254 848 1320 disseruisse
878 1254 1035 1332 videmus,
1066 1254 1117 1319 vel
1147 1254 1188 1319 ad
1213 1253 1398 1340 catalogum

226 1361 367 1430 Navium
389 1368 459 1442 635,
479 1362 531 1428 vel
552 1362 594 1428 ad
614 1383 724 1449 regem
745 1361 905 1428 Hchetum
926 1364 960 1444 (σ
981 1364 1033 1445 84)
1055 1361 1248 1446 pertinuisse
1269 1363 1398 1446 putabi-

226 1493 307 1536 mus.
352 1471 503 1536 Ceterum
530 1469 591 1535 hos
621 1469 868 1541 commentarios
895 1491 933 1533 ex
955 1468 1050 1534 docto
1071 1468 1129 1536 illo
1151 1490 1269 1555 genere
1290 1469 1399 1545 fuisse,

228 1579 316 1662 quod
330 1577 476 1663 plerique
491 1577 594 1642 secuti
615 1581 700 1653 sunt,
723 1576 832 1660 copias
855 1575 1089 1661 geographicas
1112 1578 1145 1641 et
1164 1577 1401 1663 mythologicas

228 1687 268 1751 ab
284 1685 428 1751 Homero
444 1683 611 1748 occasione
626 1687 732 1748 sumta
750 1704 949 1763 coacervans,
970 1706 1029 1748 neo
1050 1685 1114 1749 hoc
1135 1684 1315 1752 obscurum.
1351 1684 1401 1751 De

228 1793 371 1859 eiusdem
398 1790 599 1878 grammatici
626 1790 864 1857 commentariis
886 1790 1064 1856 Pindaricis
1092 1794 1219 1857 constat
1240 1812 1280 1857 ex
1301 1792 1399 1858 schol.
1486 1868 1489 1875 ,

227 1900 321 1966 Pind.
346 1898 396 1965 Ol.
417 1897 433 1963 I
454 1903 504 1968 33.
530 1895 578 1963 ΠΙ
599 1902 648 1964 31.
675 1895 738 1963 VH
760 1903 826 1966 153.
868 1896 906 1962 In
932 1897 1103 1964 Hcsiodeis
1133 1904 1403 1965 commemoratur

228 1996 519 2092 ad'l'heog.178‹i
541 2000 570 2068 δ’
585 1999 622 2071 ἐκ
641 2002 771 2084 λοχεοῖο
792 2001 873 2083 πάϊς
894 1997 1037 2089 ὠρέξατο
1057 1999 1145 2092 χειρί
1151 2029 1161 2070 .·
1177 1998 1404 2090 Ἀριστόνικος

228 2105 359 2193 λοχοοῖό
387 2132 489 2201 φησιν
515 2105 560 2190 ὡς
586 2113 738 2196 topacio·
758 2109 876 2193 λοχεός
900 2110 962 2198 γὰρ
984 2109 1081 2196 λέγει.
1110 2116 1285 2197 βεβίαοται
1307 2110 1344 2178 δὲ
1363 2111 1402 2181 τὸ

229 2221 358 2301 λοχοοῖο
379 2217 473 2303 παρὰ
492 2217 532 2287 τὸ
553 2213 645 2297 ἔθος.
679 2221 765 2286 Hinc
786 2218 1033 2287 commentarios
1054 2222 1088 2287 in
1102 2221 1281 2288 Hesiodum
1302 2223 1403 2308 scrip·

231 2329 312 2395 sisse
327 2327 477 2394 concludi
491 2351 557 2393 non
572 2331 689 2413 potest,
711 2329 745 2393 id
767 2329 854 2413 quod
867 2328 1101 2394 Valckenarius
1121 2329 1246 2413 putavit
1268 2330 1309 2396 ad
1323 2329 1404 2397 Am·

230 2437 376 2501 monium
396 2435 462 2502 l.l
499 2435 642 2501 Possunt
668 2435 753 2501 enim
780 2436 860 2501 haec
887 2457 926 2500 ex
947 2436 1055 2520 aliquo
1077 2436 1161 2501 libro
1184 2437 1403 2522 grammatico,

232 2543 411 2611 Herodiani
433 2543 556 2627 opinor,
577 2543 770 2628 transcripta
791 2565 877 2610 esse:
902 2543 1123 2609 Aristonicum
1143 2565 1220 2609 vero
1242 2544 1406 2611 deforma

232 2645 346 2739 λοχοός
367 2651 560 2716 sententiam
574 2671 665 2716 suam
686 2651 727 2715 ad
740 2650 948 2717 Homericum
971 2647 1095 2736 θυρεός
1116 2652 1301 2737 exposuisse
1322 2653 1403 2740 fingi

232 2763 351 2847 potest.
393 2757 466 2824 Nisi
495 2781 534 2824 ex
554 2759 625 2842 ipso
647 2757 729 2823 libro
757 2758 795 2824 de
817 2759 903 2824 notis
923 2758 1133 2846 Theogoniae
1154 2783 1174 2825 a
1194 2758 1294 2826 Suida
1314 2782 1403 2826 com-

232 2871 411 2934 memorato
432 2868 517 2932 sunt.

315 3081 383 3165 §h
422 3078 475 3145 Ab
498 3079 939 3146 commentariis‘Homeriois
963 3082 1050 3146 varia
1076 3086 1108 3147 et
1130 3084 1325 3148 extrinsecus
1347 3084 1404 3149 ad·

233 3189 313 3255 scita
335 3187 481 3253 doctrina
501 3187 676 3268 instructis,
696 3190 731 3255 in
753 3190 870 3275 quibus
892 3189 989 3255 etiam
1011 3190 1051 3254 ab
1070 3190 1258 3257 Aristarcho
1281 3191 1404 3257 dissen-

234 3296 313 3362 sisse
327 3294 498 3375 invenitur,
518 3295 594 3359 libri
610 3296 648 3361 de
664 3297 749 3363 notis
764 3301 835 3364 toto
854 3298 961 3363 colore
977 3302 1010 3363 et
1024 3298 1159 3365 consilio
1175 3298 1291 3364 diversi
1304 3298 1404 3365 fuere.

232 3403 272 3470 ln
296 3402 347 3468 his
375 3402 460 3467 euim
491 3424 582 3468 suam
609 3406 703 3488 quasi
729 3405 817 3471 exuit
844 3427 1031 3490 personam,
1058 3406 1092 3470 id
1112 3427 1213 3471 unum
1234 3409 1404 3491 totumque

185 3531 224 3602 (a)
236 3530 349 3596 agens,
374 3512 412 3574 ut
437 3530 516 3593 quas
536 3511 792 3579 Aristarchus
814 3516 908 3579 notas
934 3513 1079 3578 versibus
1100 3512 1280 3579 Homericis
1307 3537 1404 3598 appo-

235 3620 354 3696 suerat,
383 3639 436 3682 eas
457 3618 614 3685 indicaret
635 3643 753 3706 easque
771 3622 817 3687 ita
837 3620 1022 3700 illustraret,
1042 3623 1079 3685 ut
1100 3642 1212 3686 causas
1234 3641 1405 3707 argumen-

234 3729 331 3809 taque
346 3725 523 3791 Aristarchi
539 3728 851 3814 observationesque,
867 3727 984 3812 quibus
1004 3727 1204 3794 stabiliendis
1218 3728 1293 3795 illae
1308 3732 1405 3794 notae

234 3832 441 3911 inservirent,
463 3842 660 3922 congereret.
702 3837 748 3906 Ut
771 3837 900 3924 proprie
927 3840 960 3902 et
985 3837 1025 3901 ab
1047 3836 1141 3901 initio
1166 3835 1242 3901 libri
1266 3836 1406 3902 indicem

234 3939 334 4006 fuisse
348 3943 475 4024 putem:
495 3941 574 4028 περὶ
584 3936 799 4030 Ἀριστάρχου
814 3936 958 4029 σημείων
969 3935 1122 4031 Ὁμήροο.
1149 3943 1214 4010 Res
1229 3943 1406 4010 certissima

236 4050 298 4123 est,
322 4050 355 4111 et
376 4049 432 4132 qui
452 4052 504 4118 vel
525 4054 648 4120 scholia
668 4054 738 4139 ipsa
760 4052 932 4139 diligenter
952 4054 1139 4136 attenteque
1160 4050 1337 4137 perlegerit,
1354 4051 1406 4118 vel

235 4153 377 4239 reliquas
392 4162 519 4225 nostras
535 4161 574 4227 de
589 4161 776 4228 Aristarcho
793 4158 1026 4244 disputationes
1047 4158 1232 4245 pervolvere
1254 4159 1405 4245 dignatus

235 4261 333 4328 fuerit
347 4266 414 4329 tam
428 4289 495 4332 non
509 4272 619 4354 potest
639 4269 747 4347 latere,
769 4270 807 4333 ut
821 4266 970 4332 hocloco
986 4267 1095 4332 omnia
1115 4267 1255 4332 maxima
1273 4266 1406 4333 minima

235 4375 399 4438 momenta
413 4379 614 4460 comportare
629 4399 695 4443 non
713 4373 814 4443 nimio
836 4395 932 4458 opere
953 4373 1167 4441 laborandum
1187 4379 1306 4460 putem,
1342 4374 1406 4441 Sed
