3008 4980
593 387 599 396 .
665 348 713 403 IV.
740 343 936 419 Ds'prosodia

730 627 771 703 Ο.
798 628 865 703 Ill.

366 770 368 775 Ι
485 794 535 858 Dc
551 794 670 877 εμινιίυ
691 795 909 860 uocabulorum
925 792 1110 880 principali.

298 961 366 1026 lam
388 959 521 1044 accingo
543 980 595 1023 me
616 964 653 1024 ut
673 960 805 1026 tertium
826 960 922 1025 huius
945 960 1179 1026 dissertationis
1201 965 1293 1045 caput
1309 984 1357 1045 per·

216 1071 367 1147 scribam,
398 1069 436 1132 de
465 1067 579 1151 spiritu
607 1068 836 1134 vocabulorum
867 1068 1049 1154 principali:
1086 1069 1142 1133 sed
1171 1068 1261 1134 deest
1282 1091 1357 1153 paene

215 1177 357 1242 materia.
397 1175 571 1240 Herodian.
587 1179 619 1236 Z
630 1181 691 1243 239
710 1176 748 1241 de
768 1175 883 1261 spiritu
897 1175 984 1241 vocis
1006 1170 1079 1262 έτης
1099 1177 1276 1262 disputans,
1295 1177 1359 1261 quod

216 1285 330 1350 Alexio
364 1305 432 1348 esse
458 1283 588 1348 volebat
614 1278 699 1369 έτηςε
733 1275 773 1368 ,,ὃ
802 1278 839 1346 δέ
864 1275 1078 1366 Ἀρίσταρχος
1108 1277 1206 1349 οὐδέν
1237 1276 1359 1366 δίντικρυς

215 1388 371 1474 περὶτοῦ
391 1384 579 1473 πνεύματος
600 1384 834 1478 ἀπεφήνατοῑί.
869 1390 954 1457 Puto
976 1391 1156 1457 Aristarchi
1176 1396 1321 1478 tempore,
1337 1395 1361 1456 ul

216 1502 250 1564 in
271 1498 455 1564 accentibus
476 1521 570 1585 saepe
591 1499 714 1565 factum
735 1499 886 1578 vidimus
907 1521 973 1565 non
996 1499 1178 1565 dubitatum
1200 1522 1278 1567 esse.
1313 1498 1361 1564 He·

217 1607 369 1673 rodianus
390 1606 541 1691 Aeschyli
562 1606 791 1691 Euripidisque
820 1629 881 1671 usu
908 1628 974 1670 non
1002 1606 1174 1672 dubitabili
1200 1599 1279 1689 (οὔτ’
1299 1600 1361 1691 έτης,

218 1707 279 1779 οὐκ
300 1708 385 1800 daug)
408 1713 559 1779 defendit
589 1751 627 1761 -
653 1712 717 1780 Sed
742 1713 776 1777 in
797 1712 998 1797 paucissimis
1023 1735 1105 1798 quae
1130 1713 1167 1778 in
1187 1713 1251 1780 hoc
1271 1736 1363 1800 genere

218 1825 391 1906 supersunt
411 1821 624 1887 Aristarcheis
650 1821 768 1885 mirum
797 1823 846 1886 est
868 1820 1032 1904 complura
1054 1844 1124 1887 esse
1147 1843 1230 1906 quae
1250 1821 1299 1887 vel
1316 1843 1364 1886 non

217 1932 355 2015 probata
380 1929 432 1994 vel
457 1951 523 1994 non
549 1929 729 2013 probabilia
756 1931 844 1992 sunt:
876 1928 962 2011 quod
988 1932 1021 1993 et
1040 1928 1075 1992 in
1097 1929 1281 1996 accentibus
1300 1933 1329 1995 et
1342 1929 1365 1992 iu

217 2039 288 2122 ipsa
314 2037 595 2121 interaspiratione
623 2036 657 2099 in
693 2057 811 2122 magna
847 2036 1067 2120 exemplorum
1101 2037 1195 2123 copia
1229 2038 1366 2104 rarissime

125 2156 131 2163 '
216 2145 338 2209 factum
360 2144 507 2210 vidimus.
548 2143 694 2207 Primum
714 2137 770 2228 ἤϊε
795 2144 907 2226 Φοῖβε.
945 2143 1064 2210 Herod.
1088 2144 1116 2208 0
1137 2149 1199 2213 365
1217 2136 1366 2226 Ἀρίσταρ-

215 2275 273 2330 χος
295 2245 442 2329 δασένει,
471 2244 541 2316 ἀπὸ
563 2254 620 2338 τῆς
642 2245 742 2326 έσεως
762 2253 827 2314 τῶν
848 2248 967 2334 βελῶν·
1001 2244 1034 2317 oi
1061 2246 1099 2316 δέ
1119 2248 1199 2334 περὶ
1219 2249 1277 2318 τὸν
1296 2243 1367 2333 Κρί-

87 2416 91 2422 .
216 2383 297 2445 τητα
318 2358 440 2445 ψιλῶς,
467 2351 538 2424 ἀπὸ
559 2360 619 2445 τῆς
640 2351 773 2435 ἰάσεως·
799 2354 857 2423 καὶ
878 2354 983 2436 οὕτως
1004 2353 1213 2446 ἐπείσθησαν
1235 2353 1268 2425 οὶ
1286 2380 1367 2444 χραμ-

216 2463 354 2548 ματικοὶ
380 2463 466 2550 πρὸς
500 2459 666 2554 διάφορον
696 2459 913 2551 έτυμολοχίαν
945 2461 1118 2556 διαφόρως
1145 2459 1366 2552 ἀναγινώσκειν.

152 2583 198 2633 331
220 2568 377 2659 ἀγνοοῦσι
400 2570 436 2639 δέ
458 2569 512 2640 ὅτι
533 2568 551 2638 δ
573 2572 741 2661 χαρακτὴρ
762 2568 915 2655 μάχεται·
951 2567 1005 2639 ἀεὶ
1032 2571 1094 2659 χὰρ
1120 2570 1159 2641 τὸ
1181 2599 1202 2662 η
1231 2573 1295 2658 πρὸ
1314 2596 1366 2663 φω

136 2689 205 2758 (346)
219 2675 352 2768 νήεντος
373 2682 546 2771 φιλοῦσαι,
571 2674 641 2770 ἠώς
662 2675 731 2768 ἤϊα.
772 2682 850 2748 Inde
873 2705 942 2748 esse
964 2675 1032 2769 ἠώς
1053 2678 1125 2760 ἕως,
1148 2679 1250 2771 ἥλιος
1268 2676 1366 2770 δέλτος.

218 2791 302 2855 Tum
317 2792 480 2856 concludit
495 2791 533 2857 dc
548 2783 618 2877 ἤϊεε
640 2785 724 2855 ὥστε
739 2783 805 2855 εἴτε
825 2786 861 2854 έκ
882 2793 941 2855 τοῦ
960 2785 1037 2876 ἥϊος
1056 2786 1282 2874 δασυνομένου
1302 2784 1366 2855 ἐστίν

218 2893 284 2962 εἴτε
306 2894 342 2962 da
363 2901 423 2963 τοῦ
444 2894 652 2986 φιλουμένου
673 2890 784 2977 μόνως
804 2893 983 2986 φιλωτέον.
1024 2900 1213 2986 Apollinem
1233 2900 1367 2966 medicum

218 3029 284 3072 non
312 3030 381 3072 esse
403 3006 608 3071 Aristarchus
632 3006 856 3071 observaverat
878 3008 917 3088 (v.
942 3030 973 3090 p.
999 3009 1084 3090 181):
1115 3030 1193 3094 ergo
1217 3010 1272 3094 qui
1292 3009 1365 3073 duce·

216 3118 289 3179 rent
310 3116 350 3178 ab
372 3107 495 3177 ἰᾶσθαι
517 3118 554 3178 ut
576 3114 686 3179 Crates
707 3113 757 3178 his
779 3114 1001 3180 obsistendum
1023 3119 1105 3180 erat:
1135 3118 1298 3202 egregiam
1315 3113 1364 3180 Hc·

217 3222 341 3286 rodiani
363 3222 509 3308 regulam
531 3222 679 3287 nescivit:
702 3223 889 3306 quiverum
912 3225 1042 3308 etymon
1063 3245 1123 3288 nec
1145 3225 1216 3309 ipse
1237 3225 1319 3290 vidit.
1338 3255 1365 3267 ν

299 3330 445 3395 Alterum
473 3334 522 3395 est
548 3323 640 3393 εἴατο
668 3331 689 3394 i.
711 3353 735 3397 c.
757 3319 859 3415 ἦσαν,
889 3352 955 3395 non
978 3329 1067 3395 εἵατο
1091 3331 1112 3398 i.
1135 3355 1162 3398 e.
1184 3320 1265 3418 ἧντο
1290 3333 1364 3397 011.

217 3439 248 3500 n
271 3442 318 3504 84.
341 3462 359 3501 υ
382 3445 449 3506 106.
487 3437 572 3515 Quid
586 3437 808 3502 Aristarchum
829 3437 966 3505 moverit
986 3444 1024 3504 ut
1045 3439 1096 3504 vel
1116 3440 1158 3505 ab
1173 3440 1364 3526 Aristophane

218 3545 415 3623 descisceret,
438 3545 493 3629 qni
515 3546 674 3629 probabat
696 3543 786 3610 εἵατο
810 3545 863 3628 (ad
886 3547 917 3609 Ω
940 3550 1006 3631 84),
1028 3569 1095 3612 non
1117 3548 1279 3616 traditum.
1315 3542 1365 3612 Nu

217 3652 465 3736 probationem
495 3652 569 3737 spir.
599 3653 802 3718 Herodianus
834 3655 861 3717 0
892 3661 937 3722 10.
966 3692 1006 3701 -
1034 3653 1181 3720 Tertium
1210 3661 1260 3722 est
1283 3650 1365 3737 δίρδω

218 3764 332 3827 11211
353 3753 567 3843 Ἀρίσταρχος
597 3757 737 3827 δασύνει.
785 3758 837 3825 δεῖ
864 3759 901 3825 δέ
927 3760 1070 3846 ψιλοῦν,
1102 3755 1149 3839 ὡς
1177 3757 1364 3843 ἐπεδείξαμεν

192 3898 197 3922 ι
219 3864 254 3930 έν
279 3870 319 3955 τῇ
342 3871 381 3932 Α
407 3863 569 3956 ῥαψῳδίᾳ
595 3870 679 3952 (136)
705 3861 991 3952 διαλαμβάνοντες
1018 3867 1096 3953 περὶ
1121 3875 1181 3936 τοῦ
1210 3865 1365 3953 ,μ’ίρσαντες

218 3971 302 4037 κατὰ
313 3968 460 4055 tripede&
483 3975 533 4041 Eo
547 3975 620 4041 loco
632 3976 809 4042 Herodiani
821 3982 899 4043 nota
914 3978 1045 4044 excidit:
1055 3978 1195 4066 legimus
1207 3982 1279 4047 hoc:
1292 3971 1364 4061 (rol

218 4106 256 4146 ex
271 4084 356 4168 <un
371 4083 473 4167 Eust.)
495 4075 668 4164 δίρσαντεςε
690 4076 905 4168 Ἀρίσταρχος
929 4079 1077 4150 δασένει·
1105 4080 1204 4153 ένδεν
1225 4081 1283 4173 χοίρ
1303 4100 1364 4174 φησι

218 4185 388 4274 γεγονέναι
408 4187 466 4254 καὶ
486 4188 523 4257 τὸ
547 4186 646 4272 ἅρμα.
683 4189 707 4255 δ
725 4187 762 4254 δέ
778 4186 987 4275 Ἡρωδιανὸς
1007 4190 1109 4282 ψιλοῖ
1129 4195 1182 4276 (cf.
1204 4198 1244 4262 ad
1264 4200 1293 4258 Z
1305 4191 1364 4270 348).

218 4293 322 4381 λέγων
339 4289 407 4362 ἀπὸ
422 4304 480 4361 τοῦ
495 4291 575 4381 δέρω,
603 4287 674 4364 odd
698 4294 829 4381 μέλλων
844 4294 1021 4378 Αἰολικῶς
1043 4294 1148 4383 δίρσω·
1174 4300 1212 4369 τὸ
1236 4299 1306 4367 δέα
1325 4288 1365 4360 καί

216 4403 252 4471 τδ
276 4430 292 4470 ε
313 4402 379 4489 πρὸ
399 4409 459 4472 τοῦ
481 4431 499 4493 ρ
522 4400 602 4473 ὄντα
620 4403 731 4492 ἑτέρου
755 4404 943 4495 φωνήεντος
961 4404 1208 4494 ἐπιφερομένου
1230 4409 1365 4497 ψιλοῖσιν
