3008 4980
420 357 442 407 3.
463 351 504 406 De
522 350 577 406 fide
596 351 676 407 codd.
693 351 715 404 L
733 354 763 406 et
782 351 808 404 V
825 354 854 406 et
870 350 1016 408 Eustathii.
1261 358 1300 421 33

132 521 172 585 ad
186 523 222 583 H
246 527 313 587 171.
338 559 379 566 -
405 518 478 603 BA)
505 520 546 584 ad
565 523 604 584 A
625 526 685 588 607
712 516 751 585 τὸ
773 506 827 606 ἧχι
852 519 952 603 χωρίς
971 520 1029 583 τοῦ
1051 511 1205 584 ικελεόει
1226 518 1301 602 γρά-

132 630 262 715 φεσθαι
283 621 463 702 Διονύσιος
483 623 540 691 καὶ
560 619 706 710 παράγει
719 628 863 708 Δωριεῖς
883 615 937 706 ἇχι
960 621 1125 711 λέγοντας.
1159 625 1301 692 Aristar-

132 736 240 814 chum,
273 734 329 818 qui
358 735 437 799 item
466 735 511 800 sic
542 736 706 820 scripsisse
731 735 869 800 traditur
893 735 927 799 in
955 735 1024 800 cod.
1052 735 1093 812 A,
1125 734 1302 798 omiserunt

133 836 370 928 (,,Ἀρίσταρχος
383 838 421 906 τὸ
436 829 490 929 ἧχι
510 842 605 927 χωρὶς
625 846 682 908 τοῦ
705 867 718 907 ι
738 837 857 930 γράφει
878 839 936 906 καί
949 836 1136 918 Διονύσιος.
1158 836 1302 924 παρατί-

133 953 233 1014 θεται
248 945 285 1014 δὲ
300 943 318 1015 ό
334 946 509 1026 Διονύσιος
529 948 608 1027 τοὺς
622 951 765 1033 Δωριεῖς
785 945 942 1033 λε’γοντας
963 937 1066 1032 ἇχι“).
1102 951 1142 1015 Α
1157 955 1216 1018 609
1231 949 1301 1016 cod.

130 1059 162 1124 A
173 1059 232 1124 sic:
249 1056 334 1141 πρὸς
345 1046 383 1122 δν
396 1052 508 1137 λέχσςι
523 1053 575 1122 ότι
585 1053 772 1146 Ζηνόδοτος
781 1055 880 1144 χωρὶς
892 1059 951 1122 τοῦ
965 1081 992 1135 ν,
1009 1053 1096 1142 πρὸς
1110 1054 1128 1123 δ
1142 1052 1237 1136 λέχος
1251 1098 1300 1123 -.

132 1165 217 1244 Quid
230 1167 276 1231 L?
296 1158 485 1250 Ζηνόδοτος
504 1163 591 1249 πρὸς
612 1153 659 1232 οὗ.
695 1167 825 1234 Scilicet
843 1165 924 1231 illud
946 1160 965 1229 ό
986 1187 1052 1231 non
1069 1164 1237 1231 intellexit.
1258 1202 1299 1212 -

130 1273 215 1338 BLV
236 1274 277 1338 ad
297 1276 327 1336 B
345 1278 405 1342 330
426 1270 532 1350 κεῖνός
552 1267 588 1337 θ’
615 1263 661 1350 δίς
682 1266 836 1357 άγόρεοεε
858 1269 1006 1352 όξοντέον
1026 1270 1084 1360 την
1106 1295 1143 1349 ος
1164 1269 1222 1337 διὰ
1242 1269 1299 1338 τὸν
1311 1265 1366 1337 (39)

130 1378 174 1447 τέ.
194 1377 298 1457 οὕτως
309 1373 521 1465 Ἀρίσταρχος
533 1375 812 1466 καὶἩρωδιανός.
833 1383 884 1448 Eo
895 1382 991 1446 modo
1004 1381 1184 1446 incredibili
1198 1403 1300 1465 paene

131 1489 301 1554 oscitantia
328 1495 540 1574 corruperunt
566 1491 629 1556 hoc
656 1513 695 1556 ex
721 1493 790 1558 cod.
810 1492 854 1557 A:
885 1485 989 1565 οὕτως
1011 1482 1221 1571 Ἡρωδιανὸς
1243 1484 1300 1551 διὰ

129 1599 187 1661 τοῦ
209 1598 245 1660 θ.
291 1590 504 1680 Ἀρίσταρχος
532 1593 593 1682 (δὲ)
626 1595 683 1661 διὰ
709 1601 769 1662 τοῦ
788 1621 807 1662 τ
828 1599 882 1683 (εο.
903 1593 988 1680 τώς).
1015 1631 1055 1645 -
1078 1596 1301 1662 Aristarchum

129 1727 188 1788 pro
211 1703 377 1770 Zenodoto
398 1705 498 1771 habet
518 1706 543 1771 L
565 1706 606 1770 ad
631 1707 660 1769 Θ
681 1712 751 1775 349.
788 1705 852 1772 Sed
872 1706 1012 1791 palmam
1033 1704 1150 1769 meruit
1172 1705 1247 1770 hoc:
1273 1705 1303 1766 Ε

130 1818 190 1879 695
206 1812 299 1877 docet
313 1812 412 1877 schol.
425 1814 468 1877 A:
489 1807 670 1896 Hatriycov:
690 1812 902 1894 Πτολεμαῖος
925 1807 943 1878 ὁ
965 1815 1025 1876 τοῦ
1037 1805 1220 1896 Ὀροάνδοα
1243 1807 1300 1874 διὰ

128 1925 187 1983 τοῦ
207 1939 236 1996 o,
260 1914 426 2002 Σεῖάγων.
463 1919 549 1998 Quid
568 1921 615 1986 L?
636 1919 870 2005 »Πτολεμαῖος
890 1917 947 1984 διὰ
969 1922 1029 1985 τοῦ
1050 1941 1071 1984 σ
1092 1914 1215 2007 γράφει
1233 1922 1301 1981 Πε-

130 2021 290 2110 λάσγων.“
320 2026 392 2092 Ηοε
411 2028 507 2092 etiam
528 2028 692 2094 festivum:
713 2033 734 2092 I
752 2036 812 2096 575
833 2030 868 2093 in
889 2029 920 2094 A
941 2030 1146 2094 annotatum:
1177 2022 1230 2090 ὅτι
1252 2021 1299 2089 ἒν-

129 2136 244 2200 τεῦθεν
258 2135 437 2220 Σοφοκλῆς
457 2133 490 2200 ἐν
503 2138 550 2220 τηῖ
564 2133 752 2223 Μελεάγρῳ
770 2135 827 2202 τὸν
839 2134 937 2221 χορὸν
960 2129 1029 2201 dno
1052 2130 1168 2218 ἱεράων
1188 2128 1301 2219 παρή-

130 2263 237 2326 γαγεν.
272 2243 319 2308 At
338 2243 377 2309 L:
405 2239 560 2308 ἐντεῦθεν
587 2241 644 2310 καὶ
664 2244 841 2333 Σοφοκλῆς
868 2242 928 2312 τὸν
951 2242 1051 2331 χορὸν
1078 2237 1303 2320 Οἰδίποδος

131 2346 168 2430 ἐξ
186 2345 300 2433 ῖερίων
322 2351 420 2415 νιοιεῖ.
455 2350 617 2418 Nimirum
634 2353 832 2439 Oedipodem
854 2376 927 2418 cum
948 2353 1168 2419 sacerdotibus
1189 2352 1302 2416 memi-

130 2458 455 2541 nerat,Meleag1um
477 2482 544 2524 non
569 2465 710 2527 noverat.
747 2460 786 2526 In
808 2462 965 2527 eiusmodi
991 2464 1120 2525 auctore
1146 2459 1225 2525 talia
1251 2460 1304 2524 vix

131 2567 409 2632 commemoranda
444 2568 532 2652 quod
560 2568 640 2634 dixit
668 2564 703 2632 ἐν
733 2569 804 2645 τοῖς
833 2561 1048 2652 Ἀριστάρχου
1075 2559 1304 2651 ὑπομνήμασι,

130 2676 160 2736 Β
180 2679 248 2753 355,
284 2697 357 2739 cum
392 2675 517 2761 legeret
537 2675 571 2740 in
598 2677 636 2757 A,
672 2676 759 2760 quod
794 2698 861 2741 non
887 2677 973 2742 idem
999 2679 1061 2755 cst,
1092 2667 1306 2760 Ἀρίσταρχος

130 2779 187 2844 καὶ
220 2778 261 2843 τὰ
295 2775 528 2869 ὑπομνήματα.
581 2783 735 2849 Similiter
769 2783 801 2848 V
821 2784 862 2848 ad
884 2788 918 2846 K
942 2792 980 2852 51
1024 2776 1142 2847 άθετεῖ
1167 2777 1185 2848 ὁ
1212 2775 1305 2864 Ἀρι·
1421 2827 1426 2839 ·

131 2881 304 2974 στεφάνης.
361 2890 406 2955 At
444 2889 489 2956 A:
535 2883 776 2978 Ἀριστοφάνης
812 2887 1006 2977 προηθέτει.
1065 2891 1154 2977 Ergo
1192 2891 1219 2955 si
1253 2892 1305 2955 in·

129 2995 316 3079 tellexisset,
353 2998 491 3064 scribere
532 2999 682 3065 debehat:
719 2991 837 3062 ἀθετεῖ
870 2990 1084 3082 Ἀρίσταρχος
1129 2995 1186 3063 καί
1212 2991 1305 3079 Ἀρι-

130 3094 305 3190 στοφάνης.
363 3104 516 3170 Similiter
543 3107 659 3171 erravit
691 3107 732 3171 ad
769 3107 797 3170 0
833 3111 903 3174 231.
934 3148 974 3157 —
1008 3106 1090 3171 Item
1125 3105 1157 3172 V
1191 3106 1232 3171 ad
1267 3109 1306 3170 Λ

132 3216 189 3277 179
217 3204 460 3298 Ἀριστοφάνης
489 3210 568 3289 τοὺς
598 3195 659 3278 δίο
688 3206 819 3294 άθετεῖ,
856 3209 1042 3300 Ζηνόδοτος
1078 3209 1115 3277 δὲ
1151 3207 1202 3281 οῖ.
1250 3212 1304 3278 In·

129 3317 271 3383 credibili
310 3321 479 3386 oscitantia
518 3321 663 3387 scholion
703 3324 734 3386 A
769 3323 951 3409 exscripsit,
985 3323 1020 3388 in
1063 3343 1127 3407 quo
1168 3321 1305 3386 refertur

130 3425 351 3491 Aristarchum
382 3432 553 3514 utrumque
589 3452 716 3494 versum
750 3433 939 3516 reprobasse
975 3431 1080 3515 (cuius
1106 3429 1305 3494 mentionem

130 3554 197 3596 non
224 3531 301 3599 facit
329 3536 405 3618 quia
425 3535 521 3601 solito
552 3559 642 3601 more
669 3538 789 3602 dictum
816 3532 1018 3603 άθετοῖνται
1038 3536 1217 3604 Aristarchi
1247 3558 1304 3600 no·

131 3640 216 3704 mine
253 3641 397 3724 omisso),
440 3642 641 3709 Zenodotum
684 3668 725 3709 ne
764 3646 928 3730 scripsisse
976 3646 1107 3730 quidem
1146 3646 1196 3725 (Ζ.
1236 3637 1305 3707 oda

131 3739 324 3834 ἔγραφεν),
355 3750 606 3836 Aristophanem
629 3753 819 3818 alterutrum
843 3754 1042 3837 reprobasse.
1086 3753 1118 3818 V
1131 3751 1173 3816 ad
1199 3754 1230 3813 Φ
1247 3757 1305 3819 169

128 3845 339 3939 Ἀρίσταρχος
360 3849 554 3926 ίθνκτίανα.
596 3861 735 3925 Athaco
750 3865 799 3925 est
820 3860 978 3926 Zenodoti
997 3861 1111 3926 lectio:
1130 3852 1163 3946 (ἡ
1189 3857 1305 3946 διπλῆ)

133 3955 185 4025 ὅτι
212 3957 400 4048 Ζηνόδοτος
428 3958 550 4054 γράφει
576 3959 770 4034 ῖθνκτίωνα.
809 3967 874 4034 Sed
894 3969 943 4032 illi
963 3968 1078 4032 melius
1099 3968 1204 4031 visum
1228 3967 1304 4032 illu-

133 4069 279 4135 striorem
300 4075 461 4155 ponerem.

199 4322 224 4362 1⁹
244 4319 398 4392 Bleterauit
418 4337 509 4391 nuper
531 4324 670 4390 quaedam
693 4324 728 4378 de
751 4322 893 4378 codicibus
923 4322 1078 4378 Homericis
1108 4340 1141 4379 co
1170 4338 1303 4386 sermone,

133 4403 288 4474 quinoque
306 4408 366 4460 erat
382 4423 507 4474 unquam
523 4406 553 4461 in
570 4425 663 4463 rerum
681 4411 781 4462 natura
802 4425 893 4477 neque
916 4425 974 4462 esse
997 4409 1109 4477 poterat
1130 4425 1182 4463 nec
1199 4425 1216 4461 a
1233 4423 1301 4460 sano
1314 4410 1346 4460 33

183 4491 287 4544 Ischrr,
302 4493 436 4533 Aristarchi.
1079 4497 1094 4546 3
