3008 4980
214 299 275 364 234
395 293 444 349 ΙΙΙ.
468 294 509 350 De
527 293 681 351 Arntarohi
697 292 814 351 seientia
830 292 1005 363 antiquitatis
1021 292 1196 349 Homericae.

213 460 261 527 IV
282 467 309 540 3,
330 468 349 530 2
371 459 509 547 καὶγὰρ
531 462 608 542 τοῦς
626 456 831 549 Ἀσκληπιοῦ
851 459 977 538 παῖδας
995 454 1196 541 στρατεῦσαί
1209 480 1311 548 φασιν
1323 450 1366 523 ἀπ’

206 561 311 634 Ἴλιον
333 566 543 659 Μεσσηνίους
568 565 678 648 ῦντας·
703 563 873 658 Ἀρσινόης
898 566 960 653 γὰρ
982 561 1191 655 Ἀσκληπιὸν
1211 570 1271 655 τῆς
1288 571 1369 631 Λευ-

214 672 343 742 κίππου
369 677 426 743 καί
453 672 490 745 οῦ
514 674 707 761 Κορωνίδος
733 677 841 743 παῖδα
869 667 963 744 εἶναι.
1005 673 1064 740 καί
1094 670 1245 758 Τρίκκαν
1268 698 1303 741 τε
1321 699 1369 739 κα-

214 786 328 851 λοῦσιν
349 780 469 876 έρημον
491 783 525 851 έν
545 790 586 876 τῇ
601 781 777 876 Μεσσηνίᾳ
791 780 922 871 χωρίον,
939 780 1004 849 καί
1024 778 1099 871 έπη
1115 786 1192 847 τιῦν
1210 777 1368 869 Ὅμηρον

213 891 516 978 καταλέγουσιν,
541 891 576 957 έν
598 883 649 971 οἷς
668 893 726 960 τὸν
748 887 916 974 Μαχάονα
938 886 1107 974 ὁΝέστωρ
1129 892 1180 976 spi
1201 883 1303 976 ἀίστηῦ
1322 894 1369 973 βε-

212 997 376 1089 βλημένον
401 999 572 1085 περιέπων
602 998 688 1066 ἐστίν
714 994 881 1078 εὐνοϊκῶς·
911 993 970 1065 οῦκ
997 993 1037 1065 ἀν
1065 989 1125 1064 οῦν
1153 991 1257 1066 αὐτὸν
1280 996 1324 1085 μὴ
1343 994 1371 1075 ές

214 1103 343 1193 γείτονα
370 1107 427 1174 καὶ
448 1103 639 1193 ἀνθρώπων
658 1107 802 1192 βασιλέα
824 1103 1004 1195 ὁμοφύλων
1023 1101 1224 1190 προθυμίαν
1244 1099 1372 1192 τοσήνῦι

214 1211 462 1298 ἐπιδείξασθαι.
504 1220 577 1285 Ηοο
598 1219 699 1304 igitur
719 1240 821 1304 genus
840 1217 1113 1302 interpretationis
1135 1214 1372 1281 Homericaein

214 1326 375 1411 oppidulis
395 1328 518 1412 graecis
540 1331 573 1392 et
592 1328 677 1392 inter
697 1331 905 1413 mystagogos
926 1325 1096 1390 ferebatur.

296 1434 361 1501 sed
386 1440 550 1521 praeterea
579 1456 652 1500 cum
678 1458 697 1499 a
722 1435 831 1519 pueris
857 1432 970 1500 Graeci
997 1430 1233 1517 geographiam
1255 1452 1295 1496 ex
1314 1429 1374 1495 Ho-

214 1566 302 1609 mero
334 1547 580 1630 cognoscerent,
606 1543 743 1608 maxime
769 1565 808 1608 ex
835 1540 983 1625 catalogo
1010 1538 1152 1621 navium,
1179 1560 1280 1623 quem
1300 1536 1376 1623 apul

217 1651 373 1736 quosdam
394 1645 548 1716 memoria
568 1655 677 1716 tenere
697 1649 749 1715 vel
769 1650 841 1736 lege
863 1648 1020 1716 sancitum
1042 1649 1139 1726 esset,
1158 1645 1295 1731 plurimi
1314 1644 1376 1710 Ho-

216 1759 335 1824 merica
354 1759 491 1836 urbium,
511 1757 688 1836 fluminum,
709 1758 868 1822 montium
889 1755 1019 1822 nomina
1040 1776 1113 1820 oum
1132 1753 1188 1834 iis,
1214 1775 1298 1838 quae
1318 1753 1377 1819 suis

216 1865 415 1950 temporibus
436 1865 587 1946 valerent,
609 1865 790 1950 conspirare
810 1865 971 1946 volebant,
987 1863 1088 1928 immo
1103 1884 1143 1928 eo
1157 1861 1378 1947 procedebant.

216 1977 254 2037 ut
273 1973 308 2037 in
327 1972 390 2037 hoo
411 1993 529 2057 genere
552 1996 679 2037 omnem
700 1973 878 2038 doctrinam
899 1972 940 2037 ad
953 1970 1087 2036 Homeri
1107 1990 1256 2034 normam
1276 1969 1379 2055 exige·

216 2083 295 2146 rent.
324 2078 429 2145 Strab,
451 2078 529 2145 VIII
548 2102 579 2164 p.
602 2085 662 2147 337
684 2074 773 2163 λέγω
797 2076 955 2144 δὲταῦτα
982 2071 1180 2160 συμβάλλων
1202 2072 1255 2140 τά·
1270 2098 1307 2140 τε
1331 2076 1380 2139 νῦν

215 2184 272 2251 καί
288 2183 329 2250 τὰ
349 2179 405 2274 ὑφ’
418 2179 566 2273 Ὁμήρου
581 2181 753 2270 λεγόμενα·
776 2180 901 2273 ἀνάγκη
916 2183 977 2269 γὰρ
992 2177 1271 2264 ἀντεξετάζεσθαι
1283 2184 1381 2248 ταῦτα

216 2290 356 2372 ἐκείνοις
391 2291 456 2357 διὰ
489 2291 559 2381 τὴν
594 2298 660 2359 τοῦ
692 2298 864 2383 ποιητοῦ
897 2290 1016 2374 δόξαν
1047 2290 1114 2358 καὶ
1140 2283 1381 2379 συντροφίαν

216 2401 314 2487 πρὸς
344 2396 447 2490 ἡμᾶς
480 2396 568 2468 τότε
601 2399 837 2486 νομίζοντος
871 2395 1037 2468 ἑκάστου
1072 2401 1382 2482 κατορθοῦσθαι

214 2509 286 2598 την
321 2512 525 2593 παροῦσαν
559 2506 773 2594 πρόθεσιν,
808 2507 906 2577 ὅταν
941 2501 963 2599 ᾗ
995 2505 1117 2596 μηδὲν
1146 2500 1382 2572 ἀντιπῖπτον

215 2621 300 2696 τοῖς
329 2614 428 2683 οῦτω
464 2613 627 2704 σφόδρα
653 2619 913 2684 πιστευθεῖσι
942 2615 1129 2703 περὶτῶν
1160 2607 1295 2680 αῦτιῦν
1323 2611 1382 2681 λό-

216 2747 310 2810 γοις.
348 2727 439 2793 Haeo
467 2749 542 2793 vero
576 2729 682 2793 studia
714 2751 781 2795 non
817 2730 945 2793 tantum
977 2725 1017 2790 ad
1047 2746 1165 2790 vanam
1193 2723 1383 2789 Homericae

217 2835 433 2921 geographiae
459 2836 757 2920 interpretationem
784 2835 944 2900 duxerunt
969 2833 1027 2898 sed
1052 2832 1148 2897 etiam
1174 2831 1216 2896 ad
1244 2852 1383 2897 corrum-

215 2942 353 3026 pendam
376 2942 553 3027 antiquitus
574 2943 725 3008 traditam
747 2943 945 3027 scripturam.
973 2939 1058 3005 Nam
1072 2939 1227 3005 Messenii
1242 2962 1334 3005 suam
1348 2940 1383 3005 de

218 3049 370 3114 Oechalia
392 3051 584 3115 sententiam
605 3053 642 3114 ut
663 3049 772 3135 aliquo
796 3051 892 3131 modo
914 3052 1090 3130 tuerentur,
1113 3047 1254 3133 catalogi
1276 3070 1384 3113 versus

152 3173 201 3226 238
220 3163 382 3225 729-732
406 3159 461 3222 aut
483 3157 582 3241 spurii
601 3157 762 3223 iudicandi
785 3162 840 3222 aut
861 3157 924 3222 alio
945 3155 1158 3221 transferendi
1180 3158 1280 3220 erant
1324 3154 1385 3221 sed

135 3267 206 3336 (ιιι)
219 3263 425 3329 memorabile
448 3264 629 3348 exemplum
651 3265 736 3347 apud
751 3264 943 3330 Pausaniam
965 3267 1014 3330 est
1028 3261 1091 3328 VH
1104 3268 1154 3346 26,
1173 3266 1219 3330 13.
1246 3261 1286 3328 In
1300 3265 1384 3329 cata-

215 3369 293 3455 logo
316 3371 446 3437 navium
466 3375 496 3433 B
518 3376 577 3438 573
601 3375 649 3436 est
672 3371 828 3437 eiusmodi
849 3393 970 3437 versus:
1202 3446 1208 3456 ⁸

362 3477 398 3543 οἵ
416 3470 451 3541 θ’
472 3473 670 3564 Ὑπερησίην
691 3500 726 3542 τε
747 3476 804 3544 καί
825 3472 980 3565 αἰπεινὴν
1003 3470 1190 3543 Γονόεσσαν

361 3577 536 3672 Πελλήνην
557 3578 584 3649 τ’
609 3575 694 3667 εἶχον
715 3627 763 3654 -.

216 3693 265 3758 De
293 3716 357 3778 quo
386 3716 480 3760 versu
505 3694 585 3760 haec
611 3699 720 3760 narrat
739 3695 929 3764 Pausanias:
955 3689 1120 3779 Αἰγείρας
1147 3689 1184 3759 δέ
1206 3690 1241 3758 έν
1262 3696 1310 3780 τῷ
1331 3716 1387 3778 με-

217 3797 294 3879 ταξὺ
320 3797 377 3865 καί
398 3798 571 3890 Πελλήνης
597 3794 749 3885 πόλισμα
770 3797 921 3890 ὑπήκοον
942 3798 1132 3868 Σικυωνίων
1152 3804 1308 3869 Δονοῦσα
1329 3824 1388 3868 κα-

218 3904 358 3995 λουμένη
380 3905 507 3993 ἐγένετο
521 3906 581 3993 μέν
594 3904 662 3975 ὑπὸ
676 3912 742 3974 τιῦν
755 3905 945 3977 Σικυωνίων
959 3904 1152 3988 ἀνάστατος,
1172 3902 1388 3997 μνημονεύειν

219 4012 256 4081 δέ
276 4013 333 4081 καὶ
346 4010 494 4106 ’Όμηρον
517 4013 551 4083 έν
570 4011 744 4103 καταλόγῳ
765 4021 830 4083 τῶν
851 4016 909 4083 σῦν
928 4011 1152 4104 Ἀγαμέμνονί
1169 4038 1275 4106 φασιν
1290 4011 1389 4107 αὐτῆς

219 4119 409 4211 ποιήσαντα
431 4119 513 4203 έπος

364 4233 399 4300 οἵ
417 4225 452 4298 θ’
474 4228 672 4321 Ὑπερησίην
693 4257 728 4299 τε
749 4231 806 4299 καί
828 4227 983 4322 αἰπεινὴν
1000 4227 1201 4303 Δονόεσσαν.

221 4337 460 4431 Πεισίστρατον
487 4337 537 4431 δέ,
565 4336 664 4430 ἡνίκα
693 4337 769 4430 ἔπη
783 4340 824 4407 τὰ
843 4337 991 4431 Ὁμήρου
1018 4338 1247 4426 διεσπασμένα
1275 4337 1388 4408 τεκαὶ
