<?xml version="1.0" encoding="UTF-8"?>
<!DOCTYPE html PUBLIC "-//W3C//DTD XHTML 1.0 Transitional//EN"
    "http://www.w3.org/TR/xhtml1/DTD/xhtml1-transitional.dtd">
<html xmlns="http://www.w3.org/1999/xhtml" xml:lang="en" lang="en">
 <head>
  <title>
</title>
<meta http-equiv="Content-Type" content="text/html;charset=utf-8" />
  <meta name='ocr-system' content='tesseract 3.04.00' />
  <meta name='ocr-capabilities' content='ocr_page ocr_carea ocr_par ocr_line ocrx_word'/>
</head>
<body>
  <div class='ocr_page' id='page_1' title='image "./dearistarchistu01lehrgoog/dearistarchistu01lehrgoog_0278.png"; bbox 0 0 3008 4980; ppageno 0'>
   <div class='ocr_carea' id='block_1_1' title="bbox 475 321 1306 410">
    <p class='ocr_par' dir='ltr' id='par_1_1' title="bbox 475 321 1306 410">
     <span class='ocr_line' id='line_1_1' title="bbox 475 321 1306 410; baseline 0.02 -36"><span class='ocrx_word' id='word_1_1' title='bbox 475 407 476 410; x_wconf 7' lang='grc' dir='ltr'><strong><em>ρ</em></strong></span> <span class='ocrx_word' id='word_1_2' title='bbox 586 327 609 380; x_wconf 91' lang='grc'>1.</span> <span class='ocrx_word' id='word_1_3' title='bbox 632 321 673 377; x_wconf 90' lang='lat' dir='ltr'>De</span> <span class='ocrx_word' id='word_1_4' title='bbox 692 323 861 380; x_wconf 76' lang='lat' dir='ltr'>necantibus.</span> <span class='ocrx_word' id='word_1_5' title='bbox 1245 330 1306 403; x_wconf 64' lang='lat'>263</span> 
     </span>
    </p>
   </div>
   <div class='ocr_carea' id='block_1_2' title="bbox 135 480 1389 3794">
    <p class='ocr_par' dir='ltr' id='par_1_2' title="bbox 137 480 1309 1112">
     <span class='ocr_line' id='line_1_2' title="bbox 139 480 1309 576; baseline 0.003 -24"><span class='ocrx_word' id='word_1_6' title='bbox 139 485 176 554; x_wconf 80' lang='grc' dir='ltr'>δὲ</span> <span class='ocrx_word' id='word_1_7' title='bbox 201 483 270 552; x_wconf 77' lang='grc' dir='ltr'><strong><em>κατ’</em></strong></span> <span class='ocrx_word' id='word_1_8' title='bbox 302 481 412 568; x_wconf 87' lang='grc' dir='ltr'><strong><em>ὀξεῖαν</em></strong></span> <span class='ocrx_word' id='word_1_9' title='bbox 436 480 546 553; x_wconf 86' lang='grc' dir='ltr'><strong><em>τόσιν·</em></strong></span> <span class='ocrx_word' id='word_1_10' title='bbox 582 485 601 555; x_wconf 87' lang='grc' dir='ltr'><strong><em>δ</em></strong></span> <span class='ocrx_word' id='word_1_11' title='bbox 630 486 691 574; x_wconf 84' lang='grc' dir='ltr'>γὰρ</span> <span class='ocrx_word' id='word_1_12' title='bbox 715 482 926 575; x_wconf 71' lang='grc' dir='ltr'><strong><em>Ἀρίσταρχος</em></strong></span> <span class='ocrx_word' id='word_1_13' title='bbox 954 482 1189 576; x_wconf 73' lang='grc' dir='ltr'><strong><em>παρήγγελλεν.</em></strong></span> <span class='ocrx_word' id='word_1_14' title='bbox 1228 485 1309 568; x_wconf 77' lang='grc' dir='ltr'><strong><em>ἴσως</em></strong></span> 
     </span>
     <span class='ocr_line' id='line_1_3' title="bbox 139 590 1308 683; baseline 0.003 -23"><span class='ocrx_word' id='word_1_15' title='bbox 139 592 176 660; x_wconf 80' lang='grc' dir='ltr'>δέ</span> <span class='ocrx_word' id='word_1_16' title='bbox 190 595 373 681; x_wconf 76' lang='grc' dir='ltr'><em>σημειώδης</em></span> <span class='ocrx_word' id='word_1_17' title='bbox 388 590 405 661; x_wconf 86' lang='grc' dir='ltr'><em>ὃ</em></span> <span class='ocrx_word' id='word_1_18' title='bbox 421 591 528 673; x_wconf 89' lang='grc' dir='ltr'><strong><em>τόνος·</em></strong></span> <span class='ocrx_word' id='word_1_19' title='bbox 550 592 592 662; x_wconf 90' lang='grc' dir='ltr'>τδι</span> <span class='ocrx_word' id='word_1_20' title='bbox 610 594 673 682; x_wconf 82' lang='grc' dir='ltr'>γὰρ</span> <span class='ocrx_word' id='word_1_21' title='bbox 693 591 741 675; x_wconf 82' lang='grc' dir='ltr'><strong><em>εἰς</em></strong></span> <span class='ocrx_word' id='word_1_22' title='bbox 761 620 819 682; x_wconf 88' lang='grc' dir='ltr'><strong><em>ρος</em></strong></span> <span class='ocrx_word' id='word_1_23' title='bbox 840 592 984 683; x_wconf 74' lang='grc' dir='ltr'><strong><em>λήγοντα</em></strong></span> <span class='ocrx_word' id='word_1_24' title='bbox 1006 592 1192 681; x_wconf 78' lang='grc' dir='ltr'><strong><em>δισύλλαβα</em></strong></span> <span class='ocrx_word' id='word_1_25' title='bbox 1214 593 1308 663; x_wconf 69' lang='lat' dir='ltr'>sale</span> 
     </span>
     <span class='ocr_line' id='line_1_4' title="bbox 138 695 1308 792; baseline 0 -24"><span class='ocrx_word' id='word_1_26' title='bbox 138 698 253 782; x_wconf 77' lang='grc' dir='ltr'><strong><em>ἔχοντα</em></strong></span> <span class='ocrx_word' id='word_1_27' title='bbox 278 701 338 789; x_wconf 82' lang='grc' dir='ltr'>τὴν</span> <span class='ocrx_word' id='word_1_28' title='bbox 361 727 398 768; x_wconf 91' lang='lat' dir='ltr'>ov</span> <span class='ocrx_word' id='word_1_29' title='bbox 421 699 611 792; x_wconf 76' lang='grc' dir='ltr'><strong><em>δίφθογγον</em></strong></span> <span class='ocrx_word' id='word_1_30' title='bbox 637 700 831 790; x_wconf 78' lang='grc' dir='ltr'><strong><em>ἐβαρύνετο,</em></strong></span> <span class='ocrx_word' id='word_1_31' title='bbox 860 706 994 787; x_wconf 81' lang='grc' dir='ltr'><strong><em>κοῦρος,</em></strong></span> <span class='ocrx_word' id='word_1_32' title='bbox 1024 706 1169 788; x_wconf 74' lang='grc' dir='ltr'><strong><em>θοῦρος,</em></strong></span> <span class='ocrx_word' id='word_1_33' title='bbox 1196 695 1308 788; x_wconf 80' lang='grc' dir='ltr'><strong><em>οὖρος·</em></strong></span> 
     </span>
     <span class='ocr_line' id='line_1_5' title="bbox 138 794 1308 900; baseline 0 -25"><span class='ocrx_word' id='word_1_34' title='bbox 138 809 195 875; x_wconf 87' lang='grc' dir='ltr'>καὶ</span> <span class='ocrx_word' id='word_1_35' title='bbox 216 808 277 894; x_wconf 79' lang='grc' dir='ltr'>γὰρ</span> <span class='ocrx_word' id='word_1_36' title='bbox 299 813 403 877; x_wconf 80' lang='grc' dir='ltr'><strong><em>ταῦτα</em></strong></span> <span class='ocrx_word' id='word_1_37' title='bbox 424 808 584 893; x_wconf 80' lang='grc' dir='ltr'><strong><em>περισσὸν</em></strong></span> <span class='ocrx_word' id='word_1_38' title='bbox 605 794 731 891; x_wconf 73' lang='grc' dir='ltr'><strong><em>ἔχειτὰ</em></strong></span> <span class='ocrx_word' id='word_1_39' title='bbox 752 812 836 878; x_wconf 65' lang='lat' dir='ltr'>vm.</span> <span class='ocrx_word' id='word_1_40' title='bbox 873 804 954 889; x_wconf 79' lang='grc' dir='ltr'><strong><em>ἴσως</em></strong></span> <span class='ocrx_word' id='word_1_41' title='bbox 981 801 1038 876; x_wconf 81' lang='grc' dir='ltr'>σύν</span> <span class='ocrx_word' id='word_1_42' title='bbox 1060 804 1107 888; x_wconf 82' lang='grc' dir='ltr'><strong><em>εἰς</em></strong></span> <span class='ocrx_word' id='word_1_43' title='bbox 1128 804 1308 900; x_wconf 76' lang='grc' dir='ltr'><strong><em>ἀποφυγὴν</em></strong></span> 
     </span>
     <span class='ocr_line' id='line_1_6' title="bbox 137 910 1308 1002; baseline 0.001 -20"><span class='ocrx_word' id='word_1_44' title='bbox 137 922 196 983; x_wconf 85' lang='grc' dir='ltr'>τού</span> <span class='ocrx_word' id='word_1_45' title='bbox 218 915 274 984; x_wconf 68' lang='lat' dir='ltr'>sal</span> <span class='ocrx_word' id='word_1_46' title='bbox 296 921 356 983; x_wconf 85' lang='grc' dir='ltr'>τού</span> <span class='ocrx_word' id='word_1_47' title='bbox 377 910 510 999; x_wconf 82' lang='grc' dir='ltr'><strong><em>όνέμοσ.</em></strong></span> <span class='ocrx_word' id='word_1_48' title='bbox 555 915 622 983; x_wconf 83' lang='grc' dir='ltr'>καὶ</span> <span class='ocrx_word' id='word_1_49' title='bbox 650 917 723 1002; x_wconf 86' lang='grc' dir='ltr'>γὰρ</span> <span class='ocrx_word' id='word_1_50' title='bbox 753 915 824 984; x_wconf 81' lang='grc' dir='ltr'>καὶ</span> <span class='ocrx_word' id='word_1_51' title='bbox 846 911 905 983; x_wconf 77' lang='grc' dir='ltr'>ἐπ’</span> <span class='ocrx_word' id='word_1_52' title='bbox 930 910 1308 988; x_wconf 61' lang='lat' dir='ltr'>illecebrosam</span> 
     </span>
     <span class='ocr_line' id='line_1_7' title="bbox 139 1017 749 1112; baseline 0.013 -24"><span class='ocrx_word' id='word_1_53' title='bbox 139 1027 250 1090; x_wconf 81' lang='grc' dir='ltr'><strong><em>ποιεῖ</em></strong></span> <span class='ocrx_word' id='word_1_54' title='bbox 271 1020 289 1090; x_wconf 83' lang='grc' dir='ltr'><strong><em>ό</em></strong></span> <span class='ocrx_word' id='word_1_55' title='bbox 313 1017 421 1112; x_wconf 78' lang='grc' dir='ltr'><strong><em>ἀνήρ.</em></strong></span> <span class='ocrx_word' id='word_1_56' title='bbox 454 1025 547 1093; x_wconf 79' lang='lat' dir='ltr'>Adde</span> <span class='ocrx_word' id='word_1_57' title='bbox 571 1028 611 1094; x_wconf 89' lang='lat' dir='ltr'>ad</span> <span class='ocrx_word' id='word_1_58' title='bbox 631 1031 670 1090; x_wconf 92' lang='grc' dir='ltr'><em>Π</em></span> <span class='ocrx_word' id='word_1_59' title='bbox 688 1035 749 1096; x_wconf 87' lang='grc'>415</span> 
     </span>
    </p>

    <p class='ocr_par' dir='ltr' id='par_1_3' title="bbox 135 1125 1315 1542">
     <span class='ocr_line' id='line_1_8' title="bbox 218 1125 1315 1225; baseline 0.005 -30"><span class='ocrx_word' id='word_1_60' title='bbox 218 1127 441 1221; x_wconf 79' lang='grc' dir='ltr'>Ἀμφοτερόν.Ι</span> <span class='ocrx_word' id='word_1_61' title='bbox 473 1126 521 1211; x_wconf 83' lang='grc' dir='ltr'><strong><em>εἰς</em></strong></span> <span class='ocrx_word' id='word_1_62' title='bbox 550 1131 730 1221; x_wconf 78' lang='grc' dir='ltr'><strong><em>διαστολὴν</em></strong></span> <span class='ocrx_word' id='word_1_63' title='bbox 752 1130 790 1199; x_wconf 84' lang='grc' dir='ltr'>τὸ</span> <span class='ocrx_word' id='word_1_64' title='bbox 818 1126 932 1217; x_wconf 90' lang='grc' dir='ltr'><strong><em>κόριον</em></strong></span> <span class='ocrx_word' id='word_1_65' title='bbox 958 1125 1121 1212; x_wconf 81' lang='grc' dir='ltr'><strong><em>ὀξυτόνως</em></strong></span> <span class='ocrx_word' id='word_1_66' title='bbox 1143 1125 1267 1216; x_wconf 78' lang='grc' dir='ltr'><strong><em>ἀνέγνω</em></strong></span> <span class='ocrx_word' id='word_1_67' title='bbox 1289 1129 1315 1225; x_wconf 82' lang='grc' dir='ltr'>δΙ</span> 
     </span>
     <span class='ocr_line' id='line_1_9' title="bbox 135 1232 1309 1328; baseline 0.002 -24"><span class='ocrx_word' id='word_1_68' title='bbox 135 1234 348 1324; x_wconf 81' lang='grc' dir='ltr'><strong><em>Ἀρίσταρχος</em></strong></span> <span class='ocrx_word' id='word_1_69' title='bbox 362 1232 408 1318; x_wconf 82' lang='grc' dir='ltr'><strong><em>ὡς</em></strong></span> <span class='ocrx_word' id='word_1_70' title='bbox 422 1234 600 1323; x_wconf 84' lang='grc' dir='ltr'><strong><em>δεξιτερόν·</em></strong></span> <span class='ocrx_word' id='word_1_71' title='bbox 621 1238 679 1306; x_wconf 84' lang='grc' dir='ltr'>καὶ</span> <span class='ocrx_word' id='word_1_72' title='bbox 693 1237 902 1328; x_wconf 77' lang='grc' dir='ltr'><strong><em>ἐπείσθησαν</em></strong></span> <span class='ocrx_word' id='word_1_73' title='bbox 918 1234 951 1305; x_wconf 82' lang='grc' dir='ltr'>οὶ</span> <span class='ocrx_word' id='word_1_74' title='bbox 965 1235 1198 1325; x_wconf 86' lang='grc' dir='ltr'><strong><em>γραμματικοί.</em></strong></span> <span class='ocrx_word' id='word_1_75' title='bbox 1219 1238 1309 1324; x_wconf 83' lang='grc' dir='ltr'><strong><em>περὶ</em></strong></span> 
     </span>
     <span class='ocr_line' id='line_1_10' title="bbox 139 1340 1309 1436; baseline -0.001 -24"><span class='ocrx_word' id='word_1_76' title='bbox 139 1345 181 1413; x_wconf 84' lang='grc' dir='ltr'>δέ</span> <span class='ocrx_word' id='word_1_77' title='bbox 205 1351 272 1434; x_wconf 75' lang='grc' dir='ltr'><strong><em>τῆς</em></strong></span> <span class='ocrx_word' id='word_1_78' title='bbox 297 1342 483 1434; x_wconf 81' lang='grc' dir='ltr'><strong><em>τοιαύτης</em></strong></span> <span class='ocrx_word' id='word_1_79' title='bbox 506 1343 739 1431; x_wconf 81' lang='grc' dir='ltr'><strong><em>ἀνωμαλίας</em></strong></span> <span class='ocrx_word' id='word_1_80' title='bbox 767 1351 836 1414; x_wconf 82' lang='grc' dir='ltr'>τοῦ</span> <span class='ocrx_word' id='word_1_81' title='bbox 866 1340 1009 1429; x_wconf 77' lang='grc' dir='ltr'><strong><em>ἀνδρὸς</em></strong></span> <span class='ocrx_word' id='word_1_82' title='bbox 1030 1343 1065 1412; x_wconf 83' lang='grc' dir='ltr'>έν</span> <span class='ocrx_word' id='word_1_83' title='bbox 1084 1342 1210 1432; x_wconf 74' lang='grc' dir='ltr'><strong><em>ἑτέροις</em></strong></span> <span class='ocrx_word' id='word_1_84' title='bbox 1230 1343 1309 1436; x_wconf 75' lang='grc' dir='ltr'><strong><em>ἡμῖν</em></strong></span> 
     </span>
     <span class='ocr_line' id='line_1_11' title="bbox 138 1449 276 1542; baseline 0.014 -22"><span class='ocrx_word' id='word_1_85' title='bbox 138 1449 276 1542; x_wconf 70' lang='grc' dir='ltr'><strong><em>εἴρηται.</em></strong></span> 
     </span>
    </p>

    <p class='ocr_par' dir='ltr' id='par_1_4' title="bbox 137 1562 1389 2937">
     <span class='ocr_line' id='line_1_12' title="bbox 220 1562 1308 1650; baseline 0.001 -21"><span class='ocrx_word' id='word_1_86' title='bbox 220 1564 258 1629; x_wconf 90' lang='lat' dir='ltr'>ld</span> <span class='ocrx_word' id='word_1_87' title='bbox 275 1564 444 1650; x_wconf 80' lang='lat' dir='ltr'>significat,</span> <span class='ocrx_word' id='word_1_88' title='bbox 468 1565 555 1648; x_wconf 89' lang='lat' dir='ltr'>quod</span> <span class='ocrx_word' id='word_1_89' title='bbox 568 1565 710 1631; x_wconf 84' lang='lat' dir='ltr'>habebat</span> <span class='ocrx_word' id='word_1_90' title='bbox 724 1568 753 1627; x_wconf 90' lang='lat' dir='ltr'><em>B</em></span> <span class='ocrx_word' id='word_1_91' title='bbox 772 1569 838 1643; x_wconf 83' lang='lat'>153,</span> <span class='ocrx_word' id='word_1_92' title='bbox 859 1562 1081 1633; x_wconf 70' lang='lat' dir='ltr'><strong>Aristarchum</strong></span> <span class='ocrx_word' id='word_1_93' title='bbox 1100 1564 1203 1630; x_wconf 92' lang='lat' dir='ltr'>solere</span> <span class='ocrx_word' id='word_1_94' title='bbox 1226 1565 1308 1631; x_wconf 90' lang='lat' dir='ltr'>eius·</span> 
     </span>
     <span class='ocr_line' id='line_1_13' title="bbox 139 1670 1308 1757; baseline 0.001 -19"><span class='ocrx_word' id='word_1_95' title='bbox 139 1675 211 1738; x_wconf 88' lang='lat' dir='ltr'>dem</span> <span class='ocrx_word' id='word_1_96' title='bbox 230 1673 352 1737; x_wconf 84' lang='lat' dir='ltr'>formae</span> <span class='ocrx_word' id='word_1_97' title='bbox 378 1672 630 1756; x_wconf 85' lang='lat' dir='ltr'>significationes</span> <span class='ocrx_word' id='word_1_98' title='bbox 652 1673 755 1738; x_wconf 87' lang='lat' dir='ltr'>varias</span> <span class='ocrx_word' id='word_1_99' title='bbox 777 1674 911 1737; x_wconf 84' lang='lat' dir='ltr'>accentu</span> <span class='ocrx_word' id='word_1_100' title='bbox 934 1670 1142 1755; x_wconf 74' lang='lat' dir='ltr'><strong>distinguere.</strong></span> <span class='ocrx_word' id='word_1_101' title='bbox 1181 1671 1216 1738; x_wconf 82' lang='lat' dir='ltr'>si</span> <span class='ocrx_word' id='word_1_102' title='bbox 1238 1673 1308 1757; x_wconf 87' lang='lat' dir='ltr'>qui·</span> 
     </span>
     <span class='ocr_line' id='line_1_14' title="bbox 139 1777 1309 1864; baseline 0.003 -19"><span class='ocrx_word' id='word_1_103' title='bbox 139 1781 211 1846; x_wconf 88' lang='lat' dir='ltr'>dem</span> <span class='ocrx_word' id='word_1_104' title='bbox 226 1780 359 1844; x_wconf 88' lang='lat' dir='ltr'>innuere</span> <span class='ocrx_word' id='word_1_105' title='bbox 374 1779 477 1844; x_wconf 90' lang='lat' dir='ltr'>voluit</span> <span class='ocrx_word' id='word_1_106' title='bbox 499 1801 537 1845; x_wconf 87' lang='lat' dir='ltr'>eo</span> <span class='ocrx_word' id='word_1_107' title='bbox 558 1802 636 1864; x_wconf 85' lang='lat' dir='ltr'>prae</span> <span class='ocrx_word' id='word_1_108' title='bbox 658 1780 772 1846; x_wconf 86' lang='lat' dir='ltr'>ceteris</span> <span class='ocrx_word' id='word_1_109' title='bbox 786 1777 1008 1846; x_wconf 74' lang='lat' dir='ltr'><strong>Aristarchum</strong></span> <span class='ocrx_word' id='word_1_110' title='bbox 1028 1777 1208 1863; x_wconf 79' lang='lat' dir='ltr'>inclinasse,</span> <span class='ocrx_word' id='word_1_111' title='bbox 1228 1779 1309 1847; x_wconf 86' lang='lat' dir='ltr'>falsa</span> 
     </span>
     <span class='ocr_line' id='line_1_15' title="bbox 137 1876 1305 1972; baseline -0.003 -20"><span class='ocrx_word' id='word_1_112' title='bbox 137 1886 335 1952; x_wconf 78' lang='lat' dir='ltr'>insimulatio</span> <span class='ocrx_word' id='word_1_113' title='bbox 358 1890 415 1952; x_wconf 90' lang='lat' dir='ltr'>est.</span> <span class='ocrx_word' id='word_1_114' title='bbox 460 1886 618 1953; x_wconf 85' lang='lat' dir='ltr'>Distinxit</span> <span class='ocrx_word' id='word_1_115' title='bbox 647 1887 777 1972; x_wconf 88' lang='lat' dir='ltr'>quidem</span> <span class='ocrx_word' id='word_1_116' title='bbox 799 1876 897 1970; x_wconf 86' lang='grc' dir='ltr'><strong><em>ούρος</em></strong></span> <span class='ocrx_word' id='word_1_117' title='bbox 920 1877 1033 1965; x_wconf 80' lang='grc' dir='ltr'><strong><em>ούρός,</em></strong></span> <span class='ocrx_word' id='word_1_118' title='bbox 1064 1884 1170 1970; x_wconf 73' lang='grc' dir='ltr'><strong><em>δῆμος</em></strong></span> <span class='ocrx_word' id='word_1_119' title='bbox 1191 1881 1305 1972; x_wconf 88' lang='grc' dir='ltr'><strong><em>δημός,</em></strong></span> 
     </span>
     <span class='ocr_line' id='line_1_16' title="bbox 140 1986 1308 2080; baseline 0.001 -23"><span class='ocrx_word' id='word_1_120' title='bbox 140 2015 205 2058; x_wconf 89' lang='lat' dir='ltr'>non</span> <span class='ocrx_word' id='word_1_121' title='bbox 233 1993 359 2078; x_wconf 76' lang='lat' dir='ltr'>scripsit</span> <span class='ocrx_word' id='word_1_122' title='bbox 380 1986 549 2080; x_wconf 83' lang='grc' dir='ltr'><strong><em>Ἀψεύδης</em></strong></span> <span class='ocrx_word' id='word_1_123' title='bbox 579 1998 611 2058; x_wconf 91' lang='lat' dir='ltr'>et</span> <span class='ocrx_word' id='word_1_124' title='bbox 638 1989 825 2078; x_wconf 87' lang='grc' dir='ltr'><strong><em>Νημέρτης,</em></strong></span> <span class='ocrx_word' id='word_1_125' title='bbox 858 1997 896 2058; x_wconf 90' lang='lat' dir='ltr'>ut</span> <span class='ocrx_word' id='word_1_126' title='bbox 926 1993 1056 2079; x_wconf 89' lang='lat' dir='ltr'>propria</span> <span class='ocrx_word' id='word_1_127' title='bbox 1080 1993 1208 2070; x_wconf 85' lang='lat' dir='ltr'>fierent,</span> <span class='ocrx_word' id='word_1_128' title='bbox 1241 2015 1308 2058; x_wconf 90' lang='lat' dir='ltr'>non</span> 
     </span>
     <span class='ocr_line' id='line_1_17' title="bbox 141 2092 1307 2185; baseline -0.003 -20"><span class='ocrx_word' id='word_1_129' title='bbox 141 2100 287 2167; x_wconf 73' lang='lat' dir='ltr'>distinxit</span> <span class='ocrx_word' id='word_1_130' title='bbox 313 2094 365 2176; x_wconf 86' lang='grc' dir='ltr'><strong><em>λίς</em></strong></span> <span class='ocrx_word' id='word_1_131' title='bbox 388 2104 421 2164; x_wconf 90' lang='lat' dir='ltr'>et</span> <span class='ocrx_word' id='word_1_132' title='bbox 446 2099 512 2175; x_wconf 79' lang='grc' dir='ltr'><strong><em>λῖς,</em></strong></span> <span class='ocrx_word' id='word_1_133' title='bbox 546 2123 612 2165; x_wconf 90' lang='lat' dir='ltr'>non</span> <span class='ocrx_word' id='word_1_134' title='bbox 641 2124 723 2185; x_wconf 87' lang='lat' dir='ltr'>quae</span> <span class='ocrx_word' id='word_1_135' title='bbox 744 2101 799 2166; x_wconf 86' lang='lat' dir='ltr'>alii</span> <span class='ocrx_word' id='word_1_136' title='bbox 823 2101 1048 2180; x_wconf 81' lang='lat' dir='ltr'>distinxerunt,</span> <span class='ocrx_word' id='word_1_137' title='bbox 1081 2093 1151 2164; x_wconf 80' lang='grc' dir='ltr'><strong><em>ύττό</em></strong></span> <span class='ocrx_word' id='word_1_138' title='bbox 1175 2105 1209 2167; x_wconf 89' lang='lat' dir='ltr'>et</span> <span class='ocrx_word' id='word_1_139' title='bbox 1238 2092 1307 2164; x_wconf 81' lang='grc' dir='ltr'>ύίπο</span> 
     </span>
     <span class='ocr_line' id='line_1_18' title="bbox 140 2200 1309 2294; baseline 0.001 -23"><span class='ocrx_word' id='word_1_140' title='bbox 140 2210 275 2292; x_wconf 87' lang='lat' dir='ltr'>(quaest</span> <span class='ocrx_word' id='word_1_141' title='bbox 308 2230 357 2292; x_wconf 92' lang='lat' dir='ltr'>ep.</span> <span class='ocrx_word' id='word_1_142' title='bbox 385 2230 468 2292; x_wconf 86' lang='lat' dir='ltr'>spec.</span> <span class='ocrx_word' id='word_1_143' title='bbox 493 2207 509 2272; x_wconf 92' lang='lat' dir='ltr'>I</span> <span class='ocrx_word' id='word_1_144' title='bbox 539 2209 557 2292; x_wconf 62' lang='grc' dir='ltr'><strong>ἓ</strong></span> <span class='ocrx_word' id='word_1_145' title='bbox 582 2216 619 2276; x_wconf 87' lang='lat'>10</span> <span class='ocrx_word' id='word_1_146' title='bbox 643 2232 674 2293; x_wconf 89' lang='lat' dir='ltr'>p.</span> <span class='ocrx_word' id='word_1_147' title='bbox 696 2214 735 2274; x_wconf 83' lang='lat'>23</span> <span class='ocrx_word' id='word_1_148' title='bbox 767 2208 905 2292; x_wconf 79' lang='lat' dir='ltr'>(quaest.</span> <span class='ocrx_word' id='word_1_149' title='bbox 932 2229 980 2292; x_wconf 92' lang='lat' dir='ltr'>ep.</span> <span class='ocrx_word' id='word_1_150' title='bbox 1003 2231 1034 2292; x_wconf 91' lang='lat' dir='ltr'>p.</span> <span class='ocrx_word' id='word_1_151' title='bbox 1055 2207 1138 2294; x_wconf 65' lang='grc'><strong><em>94»,</em></strong></span> <span class='ocrx_word' id='word_1_152' title='bbox 1167 2200 1249 2271; x_wconf 81' lang='grc' dir='ltr'><strong><em>αἰτιύ</em></strong></span> <span class='ocrx_word' id='word_1_153' title='bbox 1276 2211 1309 2272; x_wconf 89' lang='lat' dir='ltr'>et</span> 
     </span>
     <span class='ocr_line' id='line_1_19' title="bbox 140 2304 1309 2400; baseline 0.001 -20"><span class='ocrx_word' id='word_1_154' title='bbox 140 2304 239 2380; x_wconf 78' lang='grc' dir='ltr'>Αἶπυ</span> <span class='ocrx_word' id='word_1_155' title='bbox 261 2318 303 2398; x_wconf 91' lang='grc' dir='ltr'>(Β</span> <span class='ocrx_word' id='word_1_156' title='bbox 326 2317 412 2397; x_wconf 82' lang='lat'>592),</span> <span class='ocrx_word' id='word_1_157' title='bbox 432 2310 508 2400; x_wconf 69' lang='grc' dir='ltr'><strong><em>’Ίρη</em></strong></span> <span class='ocrx_word' id='word_1_158' title='bbox 529 2318 562 2380; x_wconf 89' lang='lat' dir='ltr'>et</span> <span class='ocrx_word' id='word_1_159' title='bbox 582 2308 637 2400; x_wconf 77' lang='grc' dir='ltr'>ἱρή</span> <span class='ocrx_word' id='word_1_160' title='bbox 665 2316 698 2398; x_wconf 88' lang='lat' dir='ltr'>(l</span> <span class='ocrx_word' id='word_1_161' title='bbox 718 2318 803 2397; x_wconf 81' lang='lat'><strong>150),</strong></span> <span class='ocrx_word' id='word_1_162' title='bbox 829 2308 934 2397; x_wconf 84' lang='grc' dir='ltr'><strong><em>Κριός</em></strong></span> <span class='ocrx_word' id='word_1_163' title='bbox 964 2318 997 2381; x_wconf 88' lang='lat' dir='ltr'>ct</span> <span class='ocrx_word' id='word_1_164' title='bbox 1019 2317 1122 2398; x_wconf 81' lang='grc' dir='ltr'><strong><em>Κρῖος</em></strong></span> <span class='ocrx_word' id='word_1_165' title='bbox 1142 2317 1183 2396; x_wconf 83' lang='grc' dir='ltr'>(τ.</span> <span class='ocrx_word' id='word_1_166' title='bbox 1205 2315 1243 2381; x_wconf 81' lang='grc' dir='ltr'>Ε.</span> <span class='ocrx_word' id='word_1_167' title='bbox 1266 2315 1309 2381; x_wconf 85' lang='grc' dir='ltr'>Μ.</span> 
     </span>
     <span class='ocr_line' id='line_1_20' title="bbox 141 2417 1389 2507; baseline -0.006 -15"><span class='ocrx_word' id='word_1_168' title='bbox 141 2425 279 2506; x_wconf 71' lang='grc'><strong><em>539)“5,</em></strong></span> <span class='ocrx_word' id='word_1_169' title='bbox 307 2426 344 2487; x_wconf 93' lang='lat' dir='ltr'>ut</span> <span class='ocrx_word' id='word_1_170' title='bbox 370 2421 422 2487; x_wconf 90' lang='lat' dir='ltr'>vel</span> <span class='ocrx_word' id='word_1_171' title='bbox 441 2422 607 2487; x_wconf 88' lang='lat' dir='ltr'>modestus</span> <span class='ocrx_word' id='word_1_172' title='bbox 628 2423 662 2487; x_wconf 92' lang='lat' dir='ltr'>in</span> <span class='ocrx_word' id='word_1_173' title='bbox 683 2422 734 2487; x_wconf 92' lang='lat' dir='ltr'>his</span> <span class='ocrx_word' id='word_1_174' title='bbox 757 2421 944 2488; x_wconf 87' lang='lat' dir='ltr'>differentiis</span> <span class='ocrx_word' id='word_1_175' title='bbox 965 2417 1076 2505; x_wconf 84' lang='lat' dir='ltr'>fuerit,</span> <span class='ocrx_word' id='word_1_176' title='bbox 1098 2446 1178 2507; x_wconf 89' lang='lat' dir='ltr'>quas</span> <span class='ocrx_word' id='word_1_177' title='bbox 1197 2444 1307 2489; x_wconf 90' lang='lat' dir='ltr'>recen·</span> <span class='ocrx_word' id='word_1_178' title='bbox 1320 2432 1389 2502; x_wconf 81' lang='lat'>(276)</span> 
     </span>
     <span class='ocr_line' id='line_1_21' title="bbox 141 2528 1309 2615; baseline -0.003 -18"><span class='ocrx_word' id='word_1_179' title='bbox 141 2531 256 2597; x_wconf 84' lang='lat' dir='ltr'>tissimi</span> <span class='ocrx_word' id='word_1_180' title='bbox 283 2531 402 2614; x_wconf 88' lang='lat' dir='ltr'>quique</span> <span class='ocrx_word' id='word_1_181' title='bbox 432 2530 632 2615; x_wconf 80' lang='lat' dir='ltr'>grammatici</span> <span class='ocrx_word' id='word_1_182' title='bbox 656 2528 866 2594; x_wconf 84' lang='lat' dir='ltr'>immoderate</span> <span class='ocrx_word' id='word_1_183' title='bbox 888 2533 1058 2595; x_wconf 85' lang='lat' dir='ltr'>auxerunt:</span> <span class='ocrx_word' id='word_1_184' title='bbox 1091 2530 1142 2594; x_wconf 90' lang='lat' dir='ltr'>sin</span> <span class='ocrx_word' id='word_1_185' title='bbox 1163 2530 1309 2596; x_wconf 83' lang='lat' dir='ltr'>distinxit</span> 
     </span>
     <span class='ocr_line' id='line_1_22' title="bbox 141 2636 1308 2722; baseline -0.002 -19"><span class='ocrx_word' id='word_1_186' title='bbox 141 2638 193 2704; x_wconf 87' lang='lat' dir='ltr'>vel</span> <span class='ocrx_word' id='word_1_187' title='bbox 220 2661 281 2703; x_wconf 90' lang='lat' dir='ltr'>usu</span> <span class='ocrx_word' id='word_1_188' title='bbox 307 2637 358 2702; x_wconf 88' lang='lat' dir='ltr'>vel</span> <span class='ocrx_word' id='word_1_189' title='bbox 385 2637 510 2702; x_wconf 88' lang='lat' dir='ltr'>ratione</span> <span class='ocrx_word' id='word_1_190' title='bbox 539 2639 736 2702; x_wconf 87' lang='lat' dir='ltr'>commotum</span> <span class='ocrx_word' id='word_1_191' title='bbox 760 2637 859 2702; x_wconf 77' lang='lat' dir='ltr'>fuisse</span> <span class='ocrx_word' id='word_1_192' title='bbox 882 2637 1009 2702; x_wconf 87' lang='lat' dir='ltr'>credere</span> <span class='ocrx_word' id='word_1_193' title='bbox 1031 2660 1089 2722; x_wconf 86' lang='lat' dir='ltr'>par</span> <span class='ocrx_word' id='word_1_194' title='bbox 1110 2640 1167 2702; x_wconf 90' lang='lat' dir='ltr'>est.</span> <span class='ocrx_word' id='word_1_195' title='bbox 1205 2636 1308 2714; x_wconf 78' lang='lat' dir='ltr'>Quid?</span> 
     </span>
     <span class='ocr_line' id='line_1_23' title="bbox 142 2735 1310 2830; baseline -0.003 -19"><span class='ocrx_word' id='word_1_196' title='bbox 142 2746 170 2811; x_wconf 90' lang='lat' dir='ltr'>si</span> <span class='ocrx_word' id='word_1_197' title='bbox 196 2745 278 2811; x_wconf 85' lang='lat' dir='ltr'>ratio</span> <span class='ocrx_word' id='word_1_198' title='bbox 305 2768 378 2810; x_wconf 88' lang='lat' dir='ltr'>aum</span> <span class='ocrx_word' id='word_1_199' title='bbox 399 2744 537 2811; x_wconf 82' lang='lat' dir='ltr'>fefellit?</span> <span class='ocrx_word' id='word_1_200' title='bbox 562 2744 777 2829; x_wconf 82' lang='lat' dir='ltr'>Exploremns</span> <span class='ocrx_word' id='word_1_201' title='bbox 802 2743 889 2809; x_wconf 87' lang='lat' dir='ltr'>hunc</span> <span class='ocrx_word' id='word_1_202' title='bbox 913 2745 1020 2809; x_wconf 91' lang='lat' dir='ltr'>locum</span> <span class='ocrx_word' id='word_1_203' title='bbox 1046 2744 1085 2809; x_wconf 91' lang='lat' dir='ltr'>de</span> <span class='ocrx_word' id='word_1_204' title='bbox 1103 2735 1310 2830; x_wconf 80' lang='grc' dir='ltr'><strong><em>Ἀμφοτερός</em></strong></span> 
     </span>
     <span class='ocr_line' id='line_1_24' title="bbox 142 2850 1145 2937; baseline -0.002 -19"><span class='ocrx_word' id='word_1_205' title='bbox 142 2852 239 2936; x_wconf 87' lang='lat' dir='ltr'>paulo</span> <span class='ocrx_word' id='word_1_206' title='bbox 262 2853 440 2917; x_wconf 77' lang='lat' dir='ltr'>accuratius</span> <span class='ocrx_word' id='word_1_207' title='bbox 462 2853 502 2917; x_wconf 88' lang='lat' dir='ltr'>ad</span> <span class='ocrx_word' id='word_1_208' title='bbox 524 2873 620 2936; x_wconf 88' lang='lat' dir='ltr'>quem</span> <span class='ocrx_word' id='word_1_209' title='bbox 642 2873 715 2937; x_wconf 86' lang='lat' dir='ltr'>spes</span> <span class='ocrx_word' id='word_1_210' title='bbox 737 2855 786 2916; x_wconf 91' lang='lat' dir='ltr'>est</span> <span class='ocrx_word' id='word_1_211' title='bbox 807 2852 902 2917; x_wconf 88' lang='lat' dir='ltr'>nobis</span> <span class='ocrx_word' id='word_1_212' title='bbox 923 2851 1046 2916; x_wconf 87' lang='lat' dir='ltr'>aditum</span> <span class='ocrx_word' id='word_1_213' title='bbox 1067 2850 1145 2917; x_wconf 85' lang='lat' dir='ltr'>fore.</span> 
     </span>
    </p>

    <p class='ocr_par' dir='ltr' id='par_1_5' title="bbox 142 2951 1377 3794">
     <span class='ocr_line' id='line_1_25' title="bbox 223 2951 1312 3044; baseline -0.002 -21"><span class='ocrx_word' id='word_1_214' title='bbox 223 2959 322 3044; x_wconf 87' lang='lat' dir='ltr'>Apud</span> <span class='ocrx_word' id='word_1_215' title='bbox 350 2958 571 3025; x_wconf 88' lang='lat' dir='ltr'>Herodianum</span> <span class='ocrx_word' id='word_1_216' title='bbox 602 2960 644 3024; x_wconf 89' lang='lat' dir='ltr'>ad</span> <span class='ocrx_word' id='word_1_217' title='bbox 675 2961 704 3021; x_wconf 83' lang='grc' dir='ltr'><em>Σ</em></span> <span class='ocrx_word' id='word_1_218' title='bbox 731 2963 791 3026; x_wconf 86' lang='grc'>319</span> <span class='ocrx_word' id='word_1_219' title='bbox 821 2958 883 3037; x_wconf 87' lang='lat' dir='ltr'>hoc</span> <span class='ocrx_word' id='word_1_220' title='bbox 913 2958 1063 3044; x_wconf 85' lang='lat' dir='ltr'>legimus:</span> <span class='ocrx_word' id='word_1_221' title='bbox 1095 2951 1237 3040; x_wconf 87' lang='grc' dir='ltr'><strong><em>σκύμνος</em></strong></span> <span class='ocrx_word' id='word_1_222' title='bbox 1266 2951 1312 3035; x_wconf 87' lang='grc' dir='ltr'><strong><em>ὡς</em></strong></span> 
     </span>
     <span class='ocr_line' id='line_1_26' title="bbox 142 3057 1311 3151; baseline -0.003 -21"><span class='ocrx_word' id='word_1_223' title='bbox 142 3061 244 3147; x_wconf 85' lang='grc' dir='ltr'><strong><em>ύμνος</em></strong></span> <span class='ocrx_word' id='word_1_224' title='bbox 269 3058 317 3142; x_wconf 78' lang='grc' dir='ltr'><strong><em>εἰς</em></strong></span> <span class='ocrx_word' id='word_1_225' title='bbox 344 3059 495 3151; x_wconf 81' lang='grc' dir='ltr'><strong><em>ἰδιότητα</em></strong></span> <span class='ocrx_word' id='word_1_226' title='bbox 524 3058 731 3151; x_wconf 73' lang='grc' dir='ltr'><strong><em>ἀνεγνώσθη·</em></strong></span> <span class='ocrx_word' id='word_1_227' title='bbox 769 3060 810 3130; x_wconf 90' lang='grc' dir='ltr'>τὸ</span> <span class='ocrx_word' id='word_1_228' title='bbox 839 3060 977 3147; x_wconf 86' lang='grc' dir='ltr'><strong><em>μέντοι</em></strong></span> <span class='ocrx_word' id='word_1_229' title='bbox 1008 3057 1311 3149; x_wconf 84' lang='grc' dir='ltr'><strong><em>ἆνδρωνομικδν</em></strong></span> 
     </span>
     <span class='ocr_line' id='line_1_27' title="bbox 142 3165 1377 3258; baseline -0.005 -20"><span class='ocrx_word' id='word_1_230' title='bbox 142 3165 360 3252; x_wconf 64' lang='grc' dir='ltr'><strong><em>ὀξύνεσθαι</em></strong></span> <span class='ocrx_word' id='word_1_231' title='bbox 392 3165 502 3253; x_wconf 84' lang='grc' dir='ltr'><strong><em>ἀξιοῖ</em></strong></span> <span class='ocrx_word' id='word_1_232' title='bbox 529 3166 547 3238; x_wconf 83' lang='grc' dir='ltr'>ὁ</span> <span class='ocrx_word' id='word_1_233' title='bbox 572 3165 865 3258; x_wconf 82' lang='grc' dir='ltr'><strong><em>Ἀσκαλωνίτης</em></strong></span> <span class='ocrx_word' id='word_1_234' title='bbox 893 3169 992 3257; x_wconf 84' lang='grc' dir='ltr'><strong><em>πρὸς</em></strong></span> <span class='ocrx_word' id='word_1_235' title='bbox 1018 3169 1223 3258; x_wconf 86' lang='grc' dir='ltr'><strong><em>διαφοράν.</em></strong></span> <span class='ocrx_word' id='word_1_236' title='bbox 1265 3174 1311 3239; x_wconf 92' lang='lat' dir='ltr'>At</span> <span class='ocrx_word' id='word_1_237' title='bbox 1329 3183 1377 3234; x_wconf 79' lang='lat'>26⁷</span> 
     </span>
     <span class='ocr_line' id='line_1_28' title="bbox 143 3273 1312 3366; baseline -0.002 -19"><span class='ocrx_word' id='word_1_238' title='bbox 143 3305 202 3348; x_wconf 91' lang='lat' dir='ltr'>nec</span> <span class='ocrx_word' id='word_1_239' title='bbox 230 3282 380 3348; x_wconf 83' lang='lat' dir='ltr'>scribitur</span> <span class='ocrx_word' id='word_1_240' title='bbox 401 3303 519 3346; x_wconf 87' lang='lat' dir='ltr'>nomen</span> <span class='ocrx_word' id='word_1_241' title='bbox 546 3281 712 3366; x_wconf 89' lang='lat' dir='ltr'>proprium</span> <span class='ocrx_word' id='word_1_242' title='bbox 731 3273 935 3362; x_wconf 79' lang='grc' dir='ltr'>Σκομνός176</span> <span class='ocrx_word' id='word_1_243' title='bbox 957 3302 1017 3344; x_wconf 88' lang='lat' dir='ltr'>neo</span> <span class='ocrx_word' id='word_1_244' title='bbox 1043 3280 1180 3366; x_wconf 84' lang='lat' dir='ltr'>intelligi</span> <span class='ocrx_word' id='word_1_245' title='bbox 1204 3284 1312 3365; x_wconf 87' lang='lat' dir='ltr'>potest</span> 
     </span>
     <span class='ocr_line' id='line_1_29' title="bbox 144 3386 1310 3474; baseline -0.001 -20"><span class='ocrx_word' id='word_1_246' title='bbox 144 3411 200 3454; x_wconf 88' lang='lat' dir='ltr'>cur</span> <span class='ocrx_word' id='word_1_247' title='bbox 221 3389 330 3474; x_wconf 91' lang='lat' dir='ltr'>potius</span> <span class='ocrx_word' id='word_1_248' title='bbox 350 3389 413 3455; x_wconf 91' lang='lat' dir='ltr'>hoe</span> <span class='ocrx_word' id='word_1_249' title='bbox 435 3388 627 3454; x_wconf 85' lang='lat' dir='ltr'>vocabulum</span> <span class='ocrx_word' id='word_1_250' title='bbox 648 3390 783 3453; x_wconf 87' lang='lat' dir='ltr'>accentu</span> <span class='ocrx_word' id='word_1_251' title='bbox 804 3388 844 3452; x_wconf 89' lang='lat' dir='ltr'>ab</span> <span class='ocrx_word' id='word_1_252' title='bbox 867 3386 1061 3473; x_wconf 85' lang='lat' dir='ltr'>appellativo</span> <span class='ocrx_word' id='word_1_253' title='bbox 1084 3388 1240 3474; x_wconf 83' lang='lat' dir='ltr'>distingui</span> <span class='ocrx_word' id='word_1_254' title='bbox 1258 3388 1310 3453; x_wconf 88' lang='lat' dir='ltr'>de·</span> 
     </span>
     <span class='ocr_line' id='line_1_30' title="bbox 142 3486 1311 3582; baseline 0.001 -20"><span class='ocrx_word' id='word_1_255' title='bbox 142 3498 220 3562; x_wconf 87' lang='lat' dir='ltr'>beat</span> <span class='ocrx_word' id='word_1_256' title='bbox 246 3519 342 3582; x_wconf 91' lang='lat' dir='ltr'>quam</span> <span class='ocrx_word' id='word_1_257' title='bbox 369 3487 511 3574; x_wconf 86' lang='grc' dir='ltr'><strong><em>Κύκνος,</em></strong></span> <span class='ocrx_word' id='word_1_258' title='bbox 543 3487 675 3572; x_wconf 90' lang='grc' dir='ltr'><strong><em>Λύκος,</em></strong></span> <span class='ocrx_word' id='word_1_259' title='bbox 713 3486 845 3570; x_wconf 57' lang='lat' dir='ltr'>ritas</span> <span class='ocrx_word' id='word_1_260' title='bbox 870 3494 1001 3577; x_wconf 89' lang='lat' dir='ltr'>(Herod.</span> <span class='ocrx_word' id='word_1_261' title='bbox 1028 3495 1142 3560; x_wconf 86' lang='lat' dir='ltr'>Arcad.</span> <span class='ocrx_word' id='word_1_262' title='bbox 1170 3500 1223 3573; x_wconf 83' lang='lat'>53,</span> <span class='ocrx_word' id='word_1_263' title='bbox 1253 3495 1311 3578; x_wconf 83' lang='grc'>16),</span> 
     </span>
     <span class='ocr_line' id='line_1_31' title="bbox 142 3598 1312 3689; baseline -0.001 -21"><span class='ocrx_word' id='word_1_264' title='bbox 142 3598 261 3687; x_wconf 83' lang='grc' dir='ltr'><strong><em>Λέων,</em></strong></span> <span class='ocrx_word' id='word_1_265' title='bbox 297 3598 438 3687; x_wconf 77' lang='grc' dir='ltr'><strong><em>Κύπρος</em></strong></span> <span class='ocrx_word' id='word_1_266' title='bbox 471 3604 591 3689; x_wconf 87' lang='lat' dir='ltr'>(plnres</span> <span class='ocrx_word' id='word_1_267' title='bbox 617 3607 706 3682; x_wconf 83' lang='lat' dir='ltr'>sunt,</span> <span class='ocrx_word' id='word_1_268' title='bbox 744 3624 825 3687; x_wconf 92' lang='lat' dir='ltr'>quos</span> <span class='ocrx_word' id='word_1_269' title='bbox 857 3605 1087 3679; x_wconf 78' lang='lat' dir='ltr'>commemorat</span> <span class='ocrx_word' id='word_1_270' title='bbox 1115 3602 1312 3686; x_wconf 85' lang='lat' dir='ltr'>Pausanias),</span> 
     </span>
     <span class='ocr_line' id='line_1_32' title="bbox 145 3701 1308 3794; baseline 0 -20"><span class='ocrx_word' id='word_1_271' title='bbox 145 3707 289 3792; x_wconf 85' lang='grc' dir='ltr'><strong><em>Σκύλαξ,</em></strong></span> <span class='ocrx_word' id='word_1_272' title='bbox 312 3705 443 3794; x_wconf 80' lang='grc' dir='ltr'><strong><em>Κόραξ,</em></strong></span> <span class='ocrx_word' id='word_1_273' title='bbox 469 3714 616 3794; x_wconf 81' lang='grc' dir='ltr'><strong><em>Ταῦρος,</em></strong></span> <span class='ocrx_word' id='word_1_274' title='bbox 638 3704 801 3793; x_wconf 87' lang='grc' dir='ltr'><strong><em>Γρύλλος,</em></strong></span> <span class='ocrx_word' id='word_1_275' title='bbox 823 3706 979 3792; x_wconf 85' lang='grc' dir='ltr'><strong><em>Δράκων,</em></strong></span> <span class='ocrx_word' id='word_1_276' title='bbox 1003 3701 1156 3788; x_wconf 85' lang='grc' dir='ltr'><strong><em>Μόσχος,</em></strong></span> <span class='ocrx_word' id='word_1_277' title='bbox 1176 3707 1308 3786; x_wconf 82' lang='grc' dir='ltr'><strong><em>Πῶλος,</em></strong></span> 
     </span>
    </p>
   </div>
   <div class='ocr_carea' id='block_1_3' title="bbox 144 3951 1337 4450">
    <p class='ocr_par' dir='ltr' id='par_1_6' title="bbox 144 3951 1337 4197">
     <span class='ocr_line' id='line_1_33' title="bbox 211 3951 1337 4031; baseline 0.001 -18"><span class='ocrx_word' id='word_1_278' title='bbox 211 3961 249 4002; x_wconf 77' lang='lat'>1⁷4</span> <span class='ocrx_word' id='word_1_279' title='bbox 266 3958 365 4014; x_wconf 87' lang='lat' dir='ltr'>Arcad.</span> <span class='ocrx_word' id='word_1_280' title='bbox 384 3964 425 4027; x_wconf 89' lang='grc'><strong><em>69,</em></strong></span> <span class='ocrx_word' id='word_1_281' title='bbox 449 3963 481 4013; x_wconf 77' lang='grc'>27</span> <span class='ocrx_word' id='word_1_282' title='bbox 503 3955 543 4013; x_wconf 83' lang='grc' dir='ltr'>τὰ</span> <span class='ocrx_word' id='word_1_283' title='bbox 565 3958 606 4022; x_wconf 83' lang='grc' dir='ltr'><strong><em>εἰς</em></strong></span> <span class='ocrx_word' id='word_1_284' title='bbox 628 3975 681 4031; x_wconf 89' lang='grc' dir='ltr'><strong><em>ρος</em></strong></span> <span class='ocrx_word' id='word_1_285' title='bbox 703 3951 859 4028; x_wconf 77' lang='grc' dir='ltr'><strong><em>δισύλλαβα</em></strong></span> <span class='ocrx_word' id='word_1_286' title='bbox 882 3954 960 4014; x_wconf 77' lang='grc' dir='ltr'><strong><em>ἁπλᾶ</em></strong></span> <span class='ocrx_word' id='word_1_287' title='bbox 978 3951 1204 4028; x_wconf 83' lang='grc' dir='ltr'><strong><em>παραληγόμενα</em></strong></span> <span class='ocrx_word' id='word_1_288' title='bbox 1222 3963 1259 4029; x_wconf 75' lang='grc' dir='ltr'>τῇ</span> <span class='ocrx_word' id='word_1_289' title='bbox 1277 3977 1312 4014; x_wconf 86' lang='grc' dir='ltr'>ου</span> <span class='ocrx_word' id='word_1_290' title='bbox 1335 4003 1337 4007; x_wconf 90' lang='grc'>.</span> 
     </span>
     <span class='ocr_line' id='line_1_34' title="bbox 144 4033 1313 4116; baseline -0.002 -16"><span class='ocrx_word' id='word_1_291' title='bbox 144 4037 299 4116; x_wconf 76' lang='grc' dir='ltr'><strong><em>διφδόγγφ</em></strong></span> <span class='ocrx_word' id='word_1_292' title='bbox 309 4036 475 4115; x_wconf 79' lang='grc' dir='ltr'><strong><em>βαρύνεται,</em></strong></span> <span class='ocrx_word' id='word_1_293' title='bbox 493 4040 522 4098; x_wconf 86' lang='grc' dir='ltr'>εἰ</span> <span class='ocrx_word' id='word_1_294' title='bbox 531 4045 570 4112; x_wconf 78' lang='grc' dir='ltr'>μή</span> <span class='ocrx_word' id='word_1_295' title='bbox 582 4061 626 4108; x_wconf 84' lang='grc' dir='ltr'><strong><em>τις</em></strong></span> <span class='ocrx_word' id='word_1_296' title='bbox 640 4036 684 4112; x_wconf 75' lang='grc' dir='ltr'>εἴη</span> <span class='ocrx_word' id='word_1_297' title='bbox 696 4043 843 4111; x_wconf 81' lang='grc' dir='ltr'><strong><em>διαστολή,</em></strong></span> <span class='ocrx_word' id='word_1_298' title='bbox 861 4033 949 4113; x_wconf 80' lang='grc' dir='ltr'><strong><em>οὖρος</em></strong></span> <span class='ocrx_word' id='word_1_299' title='bbox 962 4042 978 4098; x_wconf 88' lang='grc' dir='ltr'><strong><em>ό</em></strong></span> <span class='ocrx_word' id='word_1_300' title='bbox 991 4037 1107 4110; x_wconf 70' lang='grc' dir='ltr'><strong><em>ἄνεμος,</em></strong></span> <span class='ocrx_word' id='word_1_301' title='bbox 1124 4037 1211 4110; x_wconf 83' lang='grc' dir='ltr'><strong><em>ούρός</em></strong></span> <span class='ocrx_word' id='word_1_302' title='bbox 1222 4036 1313 4106; x_wconf 83' lang='grc' dir='ltr'><strong><em>τόπος</em></strong></span> 
     </span>
     <span class='ocr_line' id='line_1_35' title="bbox 145 4125 562 4197; baseline -0.007 -12"><span class='ocrx_word' id='word_1_303' title='bbox 145 4129 162 4185; x_wconf 87' lang='grc' dir='ltr'><strong><em>ό</em></strong></span> <span class='ocrx_word' id='word_1_304' title='bbox 180 4129 400 4197; x_wconf 71' lang='grc' dir='ltr'><strong><em>περιορίζων</em></strong></span> <span class='ocrx_word' id='word_1_305' title='bbox 417 4125 469 4192; x_wconf 81' lang='grc' dir='ltr'><strong><em>τὰς</em></strong></span> <span class='ocrx_word' id='word_1_306' title='bbox 487 4133 562 4191; x_wconf 85' lang='grc' dir='ltr'><strong><em>ναῦς.</em></strong></span> 
     </span>
    </p>

    <p class='ocr_par' dir='ltr' id='par_1_7' title="bbox 144 4209 1311 4450">
     <span class='ocr_line' id='line_1_36' title="bbox 211 4209 1311 4282; baseline -0.002 -16"><span class='ocrx_word' id='word_1_307' title='bbox 211 4214 249 4255; x_wconf 80' lang='lat'>1⁷⁵</span> <span class='ocrx_word' id='word_1_308' title='bbox 266 4211 324 4266; x_wconf 88' lang='lat' dir='ltr'>Nec</span> <span class='ocrx_word' id='word_1_309' title='bbox 350 4211 380 4266; x_wconf 87' lang='lat' dir='ltr'>in</span> <span class='ocrx_word' id='word_1_310' title='bbox 402 4210 630 4282; x_wconf 80' lang='lat' dir='ltr'>orthographicis</span> <span class='ocrx_word' id='word_1_311' title='bbox 651 4213 735 4282; x_wconf 80' lang='grc' dir='ltr'><strong><em>Βησα</em></strong></span> <span class='ocrx_word' id='word_1_312' title='bbox 762 4213 791 4266; x_wconf 88' lang='lat' dir='ltr'>ct</span> <span class='ocrx_word' id='word_1_313' title='bbox 810 4213 916 4281; x_wconf 70' lang='grc' dir='ltr'><strong><em>βῆσσα,</em></strong></span> <span class='ocrx_word' id='word_1_314' title='bbox 945 4211 982 4266; x_wconf 86' lang='lat' dir='ltr'>ad</span> <span class='ocrx_word' id='word_1_315' title='bbox 1007 4213 1032 4266; x_wconf 90' lang='lat' dir='ltr'><em>B</em></span> <span class='ocrx_word' id='word_1_316' title='bbox 1056 4216 1113 4267; x_wconf 81' lang='lat'><strong>532.</strong></span> <span class='ocrx_word' id='word_1_317' title='bbox 1151 4211 1192 4268; x_wconf 81' lang='lat' dir='ltr'>cf.</span> <span class='ocrx_word' id='word_1_318' title='bbox 1217 4209 1311 4280; x_wconf 88' lang='lat' dir='ltr'>Staph.</span> 
     </span>
     <span class='ocr_line' id='line_1_37' title="bbox 144 4297 1311 4450; baseline -0.003 -16"><span class='ocrx_word' id='word_1_319' title='bbox 144 4297 249 4422; x_wconf 56' lang='lat' dir='ltr'>Byzlil</span> <span class='ocrx_word' id='word_1_320' title='bbox 265 4315 400 4448; x_wconf 57' lang='lat' dir='ltr'>{adauae</span> <span class='ocrx_word' id='word_1_321' title='bbox 419 4371 435 4434; x_wconf 87' lang='grc' dir='ltr'><strong><em>δ</em></strong></span> <span class='ocrx_word' id='word_1_322' title='bbox 449 4383 627 4450; x_wconf 84' lang='grc' dir='ltr'><strong><em>Ταραντῖνος</em></strong></span> <span class='ocrx_word' id='word_1_323' title='bbox 638 4378 739 4436; x_wconf 88' lang='lat' dir='ltr'>Athen.</span> <span class='ocrx_word' id='word_1_324' title='bbox 753 4377 767 4431; x_wconf 89' lang='lat'>1</span> <span class='ocrx_word' id='word_1_325' title='bbox 780 4383 839 4433; x_wconf 70' lang='lat'><strong>20⁵.</strong></span> <span class='ocrx_word' id='word_1_326' title='bbox 857 4377 910 4432; x_wconf 90' lang='lat' dir='ltr'>XII</span> <span class='ocrx_word' id='word_1_327' title='bbox 922 4383 996 4434; x_wconf 76' lang='lat'><strong>5380.</strong></span> <span class='ocrx_word' id='word_1_328' title='bbox 1027 4379 1206 4449; x_wconf 78' lang='lat' dir='ltr'>Geographus</span> <span class='ocrx_word' id='word_1_329' title='bbox 1221 4380 1311 4432; x_wconf 84' lang='lat' dir='ltr'>notus.</span> 
     </span>
    </p>
   </div>
   <div class='ocr_carea' id='block_1_4' title="bbox 0 0 1510 4980">
    <p class='ocr_par' dir='ltr' id='par_1_8' title="bbox 0 0 1510 4980">
     <span class='ocr_line' id='line_1_38' title="bbox 0 0 1510 4980; baseline 0 0"><span class='ocrx_word' id='word_1_330' title='bbox 0 0 1510 4980; x_wconf 95' lang='lat' dir='ltr'> </span> 
     </span>
    </p>
   </div>
  </div>
 </body>
</html>
