3008 4980
500 359 523 409 2.
548 353 589 410 De
607 355 804 411 constituenda
819 355 948 411 lectione.
1248 358 1308 422 349

135 515 272 606 εὕρηται
298 516 355 585 καί
383 512 649 608 ίσοσόλλαβοςῆ
679 521 787 601 κλίσις
814 519 848 588 ἐν
875 515 1003 605 ἀστιγεῖ
1031 514 1163 605 βιβλίῳ.
1212 519 1252 584 H.
1281 541 1308 585 e.

137 619 362 710 ἀδιόρθιοτον.
403 628 489 695 Nem
514 631 686 718 diligenter
711 635 846 698 annotat
866 632 923 697 ubi
945 652 1010 695 non
1033 628 1202 694 emendato
1223 626 1308 691 libro

137 758 216 802 usus
239 737 288 802 sit.
327 735 372 802 Ut
392 737 455 803 hoc
475 737 548 805 loco
572 740 617 804 sic
638 763 662 806 s.
686 733 870 825 Γεδρωσίας
897 735 930 802 ἐν
953 733 989 801 δέ
1010 737 1081 812 τοῖς
1100 737 1159 800 τοῦ
1180 730 1310 798 Πολυΐ-

137 865 256 927 στορος
274 841 333 909 διὰ
346 847 405 910 τοῦ
420 869 439 910 κ
456 839 581 933 εὑρέθη
601 841 621 933 ῆ
638 842 751 934 πριότη
766 837 926 933 συλλαβή,
952 837 1024 910 ἀλλ’
1040 834 1082 929 ῆν
1097 837 1310 923 ἀδιόρθωτον

137 949 175 1017 τὸ
197 945 339 1035 βιβλίον.
375 951 453 1019 Non
467 955 600 1020 dubium
615 957 693 1040 quid
712 956 756 1021 sit
775 947 916 1043 σφάλμα
937 953 1023 1038 apud
1045 953 1183 1018 eundem
1197 950 1309 1036 Steph.

138 1081 162 1123 s.
187 1062 217 1122 Γ
215 1051 358 1143 άργαραε
391 1055 583 1140 Ἑλλάνικος
609 1060 645 1127 δὲ
667 1057 841 1148 Γόργασον
868 1056 932 1149 ἐφη
957 1059 1018 1148 τῆν
1044 1053 1146 1126 πόλιν
1172 1057 1230 1124 διὰ
1250 1062 1310 1124 τοῦ

138 1187 173 1244 o,
206 1159 279 1230 ἀλλ’
311 1159 430 1250 οίόμαι
455 1167 596 1257 σφάλμα
623 1160 709 1235 εἶναι
733 1172 765 1240 h.
788 1194 816 1238 e.
849 1166 1015 1257 γραφικόν
1043 1161 1221 1254 ἁμάρτημα
1243 1189 1309 1232 non

139 1277 354 1356 emendatum,
364 1278 453 1361 quod
462 1301 529 1344 non
537 1281 665 1345 videtur
673 1279 870 1345 intellexisse
878 1277 1022 1345 Sturzius
1034 1277 1198 1361 Hellomp.
1211 1275 1309 1344 18250.

223 1382 308 1460 Quid
334 1387 421 1468 quod
447 1386 614 1474 diligentia
634 1387 830 1453 Batavorum
856 1386 954 1452 simili
975 1387 1015 1451 ed
1035 1385 1214 1451 litterarum
1237 1389 1392 1458 cor-(3⁷2)

138 1491 306 1575 ruptiones
333 1478 560 1560 attenderunt?
588 1495 728 1562 Galenus
753 1495 788 1560 in
814 1494 1013 1580 praefatione
1035 1494 1076 1558 ed
1095 1493 1214 1557 librum
1236 1512 1308 1556 sex·
1326 1496 1375 1547 355

139 1601 208 1662 tum
229 1597 481 1683 Epidamnum,
502 1604 536 1668 in
559 1624 623 1688 qua
645 1604 791 1687 queritur
812 1604 850 1668 de
871 1602 1007 1667 licenter
1027 1603 1152 1666 mutata
1171 1598 1310 1664 lectione

139 1706 352 1792 neglectaque
370 1710 506 1776 traditae
520 1711 670 1777 lectionis
685 1710 1000 1788 commemoratione,
1020 1708 1066 1773 ite
1078 1707 1200 1793 pergit:
1223 1702 1310 1770 πολὺ

138 1809 273 1896 βέλτιον
287 1809 384 1895 ἐδοξέ
396 1839 457 1899 μοι
472 1805 671 1905 φυλάττοντι
685 1816 745 1906 τῆν
759 1811 901 1904 ἀρχαίαν
916 1813 1048 1903 γραφὴν
1064 1809 1117 1880 ἀεί
1130 1810 1191 1888 μέν
1205 1833 1311 1879 σπου-

140 1914 254 2000 δάζειν
270 1918 396 2011 ἐκείνην
418 1920 622 2013 ἐξηγεῖσθαι,
643 1924 688 2013 μῆ
707 1923 884 2013 δυνηθέντι
907 1922 945 1989 δέ
961 1946 1044 1990 ποτε
1063 1926 1161 1990 τοῦτο
1183 1921 1312 2006 πρᾶξαι

139 2027 294 2117 πιθανὴν
318 2030 378 2117 τῆν
402 2027 638 2118 ἐπανόρθωσιν
660 2028 762 2120 αὐτῆς
783 2036 963 2099 ποιεῖσθαι
984 2026 1144 2117 καθάπερ
1167 2024 1185 2098 ὁ
1206 2025 1312 2115 Ἡρα-

139 2131 273 2224 κλείδης
287 2134 383 2226 ἐντῷ
405 2137 546 2229 δευτέρῳ
567 2145 633 2206 τῶν
653 2138 841 2229 ἐπιδημιῶν
862 2136 1048 2227 ἐποιῆσατο
1070 2136 1154 2205 κατὰ
1175 2137 1236 2225 τῆν
1259 2133 1312 2203 λέ-

141 2244 192 2323 ξιν
214 2241 340 2334 ἐκείνην
362 2244 396 2312 ἐν
416 2237 438 2338 ᾗ
460 2246 642 2336 γέγραπται
664 2249 777 2337 ,,πρὸς
797 2247 834 2316 δέ
857 2248 895 2316 τὸ
915 2243 1134 2338 Ἀφροδίσιον
1157 2241 1193 2313 αὶ
1215 2239 1313 2332 σόραί

139 2345 319 2436 till-error&
368 2353 489 2444 ἐπειδή
510 2382 571 2442 περ
595 2362 666 2437 τοῖς
688 2352 946 2446 ἐξῆγησαμένοις
970 2355 1031 2443 τῆν
1057 2353 1154 2442 ουραί
1180 2353 1312 2445 γραφῆν

141 2453 324 2541 ἀπιθάνως
344 2457 489 2552 εἴρηται,
517 2462 600 2547 τάχα
628 2464 709 2556 φησί
736 2462 842 2552 θόραι
862 2461 923 2549 μὲν
942 2457 984 2551 ῆν
1006 2461 1231 2550 γεγραμμένον
1253 2461 1310 2527 διὰ

138 2572 200 2634 ῑθῧ
225 2572 268 2648 Θ,
291 2574 351 2657 τῆς
371 2570 474 2661 μέσης
495 2572 532 2641 δὲ
554 2578 707 2662 γραμμῆς
728 2572 762 2640 ἐν
784 2569 866 2664 αάτῆ
890 2569 1139 2661 διαφθαρείσης
1159 2563 1310 2649 ἐδοξενό

137 2673 386 2768 βιβλιογράφος
408 2681 504 2767 ουραὶ
525 2682 726 2771 γεγράφθαι.
762 2680 901 2748 δυνατὸν
922 2679 983 2766 γὰρ
1007 2679 1046 2767 δὴ
1071 2677 1156 2747 οὕτω
1178 2676 1236 2743 καί
1257 2676 1312 2742 λε-

138 2788 226 2872 πτῆς
255 2779 325 2865 ἰνὸς
356 2783 573 2871 ἀπολωλυίας
604 2786 883 2858 συναπόλλυσθαι
915 2788 976 2877 τῆν
1006 2785 1160 2875 γραμμὴν
1192 2779 1313 2872 ταότην

137 2891 197 2959 καί
217 2888 287 2959 κατ’
312 2891 416 2981 ἀρχὰς
437 2893 542 2978 εάθδς
567 2894 670 2985 αάτῆν
692 2893 843 2984 ἀμυδρὰν
869 2900 1053 2987 γραφεῖσαν
1075 2890 1224 2982 ἐξίτηλον
1244 2887 1311 2958 ὑπὸ

136 3004 198 3066 τοῦ
216 2997 337 3088 χρόνου
360 3002 528 3090 γενέσθαι.
550 3049 589 3060 -
610 3007 738 3074 Hellad.
759 3032 809 3093 ap.
831 3007 926 3072 Phot.
948 3030 980 3092 p.
1000 3005 1085 3075 531b
1108 3012 1145 3072 15
1163 3003 1220 3068 Be.
1257 2998 1312 3066 διὸ

137 3107 196 3174 καί
217 3108 275 3176 τὸν
295 3107 373 3196 παρ’
387 3107 522 3201 Ὁμήρῳ
538 3111 648 3196 στίχον
662 3117 710 3201 <Δ
724 3115 802 3200 412>
822 3109 909 3191 τινές
928 3107 965 3179 οὐ
987 3109 1083 3178 τέττα
1105 3105 1193 3175 ἀλλὰ
1215 3104 1313 3173 τέτλα
1422 3136 1428 3146 “

136 3212 349 3304 προῆνεγκαν
376 3215 669 3306 ἀναγινώσκοντες,
699 3220 754 3288 καί
782 3214 1068 3308 ἐπισημηνάμενοι
1087 3211 1174 3304 ὡςῆ
1199 3209 1312 3303 ἀπάτη

136 3323 270 3411 γέγονεν
285 3323 322 3394 ἐκ
337 3332 398 3394 τοῦ
410 3353 502 3409 τινας
522 3329 561 3398 τὸ
585 3326 738 3416 δεύτερον
757 3353 776 3394 τ
796 3321 870 3394 ἀντὶ
889 3337 947 3394 τοῦ
968 3327 1127 3412 λλαβεῖν,
1151 3328 1211 3413 τῆς
1231 3328 1314 3410 βρα-

136 3430 275 3519 χυτέρας
304 3441 455 3525 γραμμῆς
477 3442 538 3505 τοῦ
562 3439 582 3502 λ
608 3434 795 3527 φαντασίαν
822 3431 935 3515 αὐτοῖς
960 3440 1020 3522 τῆς
1046 3429 1156 3522 ὀρθῆς
1176 3428 1314 3518 κεραίας

136 3545 198 3606 τοῦ
211 3565 230 3606 τ
244 3543 506 3633 παρασχομένης,
531 3551 590 3633 τῆς
608 3544 644 3613 δὲ
660 3543 814 3632 μείζονος
827 3549 887 3633 τῆς
901 3540 1113 3629 ἐπικειμένης
1128 3535 1313 3628 ἐγκαρσίας.

136 3650 296 3738 Porphyr.
318 3655 359 3718 ed
385 3660 482 3724 Y271
508 3650 540 3721 oi
563 3652 600 3720 δὲ
619 3652 677 3720 καί
698 3649 847 3721 αὐτόθεν
869 3647 1002 3733 ἀξιοῦσι
1022 3649 1067 3738 μῆ
1093 3646 1214 3716 ἐλασσε
1234 3645 1314 3734 γρά-

137 3782 215 3845 φειν
237 3752 324 3825 ἀλλὰ
346 3756 487 3841 θλάσσε,
512 3757 645 3828 ἀνωθεν
668 3759 853 3851 φάσκοντες
874 3753 1064 3846 ἁμαρτόντα
1084 3757 1159 3825 τινὰ
1182 3752 1313 3846 γράψαι

134 3866 173 3935 τὸ
194 3872 232 3954 Ε,
254 3866 316 3955 τῆν
338 3868 462 3959 λοιπὴν
484 3868 703 3959 περιφέρειαν
724 3874 785 3939 τοῦ
806 3874 836 3936 Θ
856 3866 1014 3957 παρέντα.
1051 3870 1172 3954 Aliquo
1194 3866 1312 3933 veteris

202 4088 242 4130 2⁵⁰
257 4088 291 4143 In
303 4089 492 4159 compluribus
503 4091 692 4160 Anthologiae
705 4089 916 4162 epigrammatis
932 4092 1059 4145 notatur:
1073 4085 1258 4158 ἐσφαλμένον
1269 4084 1314 4140 vcl

136 4164 324 4243 όλόσφαλτον
347 4174 393 4229 vel
416 4175 551 4231 similiter.
587 4177 620 4230 In
643 4176 687 4231 his
710 4179 780 4247 puto
797 4176 889 4231 lusum
907 4191 965 4230 esec
984 4173 1167 4229 scribentium
1185 4174 1219 4227 ut
1236 4168 1314 4240 quasi

134 4255 267 4327 griphum
293 4258 444 4315 lectoribus
467 4264 635 4333 proponant.
671 4265 768 4332 ,ζήτει
792 4257 844 4315 τόν
867 4264 937 4316 νοῦν
958 4261 1012 4313 τοῦ
1029 4254 1250 4328 ἐπιγράμματος
1268 4242 1314 4308 ότι

133 4340 328 4413 ἐσφαλμένον.
367 4340 420 4401 ἐὰν
445 4339 512 4416 ἔχῃς
540 4349 610 4401 νοῦν
636 4343 692 4401 οὐκ
720 4341 863 4415 ἔσφαλται
886 4334 958 4398 ἀλλά
979 4345 1091 4411 μᾶλλον
1112 4333 1313 4409 πεφώτισταιί*

133 4429 234 4484 Iacobo
252 4428 282 4486 Τ.
301 4421 354 4484 VII
375 4447 403 4499 p,
425 4435 479 4485 127,
