3008 4980
225 297 282 359 190
405 291 453 349 IIL
475 290 516 345 De
534 289 688 347 Aristarchi
705 289 823 346 scientie
839 289 1017 360 antiquitatis
1033 291 1206 347 Homericae.

221 461 285 522 θεν
303 451 464 536 Ἡσίοδος
489 451 648 543 νεώτερόν
670 478 752 548 φησι
777 455 835 523 τὸν
855 452 924 523 Δία
946 461 1018 540 (Th.
1041 462 1123 544 454).
1161 450 1309 541 (ἀλλως.)
1341 451 1390 523 ὅτι

222 557 260 630 οὗ
283 559 367 632 καθ’
390 560 528 652 ἡλικίαν
549 563 649 651 λέγει,
671 559 744 630 ἀλλ’
769 561 803 632 ἐν
823 569 910 656 τιμῇ.

739 901 869 987 Aegis.

303 1051 335 1112 Δ
358 1056 416 1118 167
438 1045 643 1140 ἐπισσείῃσιν
664 1047 802 1137 ἐρεμνὴν
824 1043 956 1134 clylia:
983 1044 1035 1116 ὅτι
1052 1050 1111 1113 τοῦ
1132 1044 1218 1126 Διὸς
1239 1042 1348 1113 ὅπλον
1366 1039 1385 1133 ἦ

222 1147 324 1240 αἰγίς,
349 1153 435 1238 πρὸς
459 1155 536 1235 τοὺς
557 1154 734 1245 νεωτέρους
755 1149 907 1244 ποιητάς.
946 1155 1004 1223 καὶ
1031 1152 1083 1223 ὅτι
1109 1147 1313 1239 καταιγίδων
1334 1149 1389 1217 καὶ

222 1254 396 1349 ζοφώδονς
410 1258 640 1344 καταστάσεως
653 1258 944 1353 παρασκευαστική
961 1261 1058 1331 ἐστιν.
1085 1266 1129 1327 Μ
1140 1269 1200 1331 253
1220 1254 1256 1348 (ἦ
1272 1258 1387 1346 διπλῆ)

222 1363 275 1434 ὅτι
297 1367 354 1435 διὰ
373 1373 439 1436 τῶν
460 1365 735 1457 ἀποτελουμένων
755 1366 908 1463 φανερόν,
933 1368 985 1438 ὅτι
1005 1370 1066 1458 τὴν
1087 1364 1201 1455 αἰγίδα
1222 1363 1349 1435 ἔσεισεν
1370 1363 1387 1435 ὁ

221 1469 312 1556 Ζεύς.
352 1479 454 1549 0229
470 1472 545 1564 λάβ
562 1475 694 1566 αἰγίδας
716 1477 770 1548 ὅτε
782 1483 842 1547 τοῦ
856 1477 941 1558 Διὸς
961 1475 982 1566 ἡ
1006 1473 1093 1563 αἰγίς
1114 1474 1230 1546 ὅπλον.
1261 1469 1387 1542 Ἀπόλ-

220 1582 302 1650 λωνι
316 1592 393 1670 γοῦν
407 1583 553 1654 δίδωσιν.
576 1597 636 1659 310
651 1585 843 1678 Ἥφαιστος
859 1586 922 1654 Ac·
942 1588 1041 1654 δῶκε·
1062 1582 1094 1674 (ἡ
1112 1585 1231 1672 διπλῆ)
1256 1581 1309 1651 ὅτι
1330 1606 1388 1649 σα-

221 1695 294 1782 φῶς
314 1691 377 1760 Διῒ
395 1688 589 1762 ἐσκεύασται
609 1690 629 1783 ἡ
654 1689 740 1782 αἰγίς
760 1693 817 1762 καὶ
838 1688 897 1762 οάκ
919 1689 1007 1761 έστιν
1024 1687 1190 1782 Ἀθηνᾶς,
1215 1689 1335 1770 καθώς
1356 1685 1387 1757 οἱ

222 1793 375 1887 νεώτεροι
395 1801 534 1890 ποιηταὶ
555 1799 714 1889 λέγουσιν.
755 1807 786 1869 P
803 1810 864 1874 594
886 1798 917 1890 (ἡ
942 1801 1058 1891 διπλῆ)
1085 1797 1139 1871 δτι
1159 1796 1249 1868 ίδιον
1270 1794 1386 1866 ἀποτί-

219 1911 321 1974 θεται
333 1912 394 1997 τῆς
407 1903 538 1994 αἰγίδος
551 1908 588 1979 τὸ
606 1903 735 1995 ἀνέμων
755 1912 867 1977 ποιεῖν
888 1904 1084 2001 συστροφάς.
1120 1900 1188 1976 ἀπὸ
1210 1911 1269 1974 τοῦ
1288 1901 1387 1973 αὐτοῦ

220 2012 258 2083 δέ
277 2015 334 2083 καί
355 2012 546 2103 καταιγίδες
567 2012 603 2083 αἱ
622 2016 726 2084 πνοαὶ
747 2014 782 2083 αἱ
803 2011 893 2083 κάτω
914 2010 1174 2085 &incaveatum
1213 2016 1303 2105 Ergo
1324 2016 1387 2082 hoc

220 2124 372 2191 docemur
393 2127 432 2192 de
454 2124 579 2213 aegide,
601 2125 739 2213 primum
760 2150 798 2193 ee
819 2149 974 2193 concussa
995 2129 1220 2213 tempestatem
1242 2129 1275 2192 et
1296 2128 1387 2190 tene-

219 2233 294 2298 bras
316 2233 443 2311 coccini,
473 2233 546 2300 dein
568 2232 653 2300 Iovis
683 2258 751 2301 esse
778 2257 837 2300 nec
866 2234 965 2300 elium
995 2235 1091 2301 deum
1116 2235 1165 2301 uti
1186 2233 1250 2299 nisi
1272 2256 1291 2298 a
1311 2230 1386 2297 Iove

219 2341 385 2426 acceperit.
426 2339 472 2407 Ut
499 2341 568 2407 eliis
591 2343 804 2427 argumentis,
831 2343 877 2408 sic
902 2342 964 2408 hoc
990 2341 1168 2428 posteiiorc
1191 2340 1387 2422 conclusum,

218 2469 329 2514 versus
359 2454 399 2517 20
427 2452 460 2514 et
485 2453 525 2516 21
550 2446 658 2514 Iliadis
691 2448 824 2515 ultimae
857 2450 982 2536 spurios
1014 2472 1092 2516 esse.
1141 2447 1215 2515 vid.
1245 2470 1283 2513 eo
1313 2446 1385 2512 loco

218 2557 364 2624 scholion
377 2558 429 2623 ¹¹¹.

683 2678 913 2686 Ἥ

135 2824 206 2895 (ιει)
697 2805 912 2882 Ambrosia.
933 2791 935 2795 ’

301 2952 334 3027 Ξ
354 2965 427 3036 170,
447 2957 504 3022 nbi
526 2959 565 3023 de
585 2955 709 3024 Iunone
733 2958 861 3023 dicitur:
891 2948 1057 3042 ἀμβροσίῃ
1077 2951 1139 3038 μέν
1159 2957 1293 3041 πρῶτον
1314 2946 1383 3021 ἀπὸ

215 3060 314 3147 χροὸς
327 3055 514 3149 ἱμερόεντος
527 3060 656 3147 λύματα
670 3056 781 3128 πάντα
802 3058 967 3150 κάβηρενε
988 3056 1020 3150 (ἡ
1038 3062 1157 3149 διπλῆ)
1177 3058 1232 3131 ὅτι
1252 3057 1289 3129 έκ
1308 3057 1385 3129 τοά-

152 3185 200 3238 193
216 3190 275 3236 του
288 3172 349 3237 τοῦ
361 3164 467 3238 τάπον
482 3166 709 3259 πλανηθέντες
725 3166 811 3247 τινές
829 3166 987 3254 διέλαβον
1008 3167 1068 3259 τὴν
1089 3162 1277 3255 ἀμβροσίαν
1299 3160 1386 3235 εἶναι

214 3272 316 3363 ὑγρὰν
342 3272 481 3368 τροφήν.
526 3284 557 3343 T
579 3285 639 3348 347
666 3270 740 3342 ἀλλ’
767 3270 825 3343 ίθι
851 3273 885 3343 οἱ
912 3274 1027 3361 νέκταρ
1057 3275 1175 3343 τεκαὶ
1201 3270 1385 3364 ἀμβροσίην

216 3380 387 3473 ἐρατεινὴν
407 3379 527 3466 οτάξον
548 3382 596 3451 ivi
616 3380 795 3471 στήθεσσιν
824 3379 853 3472 (ἡ
878 3383 996 3472 διπλῆ)
1019 3381 1072 3451 ὅτι
1093 3377 1162 3450 κατ’
1186 3377 1384 3474 ἀμφοτέρων

215 3489 254 3557 τὸ
276 3487 411 3573 στάξον,
437 3495 498 3579 τῆς
518 3486 708 3578 ἀμβροσίας
728 3489 784 3557 καί
804 3495 863 3559 τοῦ
883 3489 1052 3578 νέκταρος·
1078 3486 1099 3579 ἡ
1126 3490 1188 3578 γὰρ
1215 3485 1384 3577 ἀμβροσία

217 3595 286 3665 ἐστὶ
307 3599 388 3688 ξηρὰ
409 3595 529 3690 τροφή.

215 3757 423 3768 -ψ

687 3726 916 3736 ---ι----

282 3837 338 3881 ¹10b
355 3835 452 3907 <‚Post
468 3827 636 3907 συστροφάς
647 3834 751 3891 excidit
762 3835 861 3907 opinor
872 3837 933 3892 ἀπὸ
945 3839 999 3893 τοῦ
1010 3831 1132 3893 ἀίσσειν.
1161 3833 1287 3892 Fortasse
1299 3832 1384 3890 etiom

213 3921 324 3992 flcripsit
341 3920 455 3977 deinde:
478 3917 588 3991 αἰγίδος
606 3923 656 3976 καὶ
673 3923 847 3993 καταιγλδες,
865 3920 899 3976 cf.
917 3921 955 3976 ed
970 3923 996 3976 B
1017 3925 1090 3978 148⁸.
1118 3921 1212 3978 Lehrs.
1229 3939 1275 3993 ap.
1292 3921 1384 3978 Fried-

214 4005 336 4063 locnder.
354 4004 477 4060 Ariston.
496 4023 524 4076 p.
542 4006 614 4075 279.)

209 4162 214 4171 Ι
281 4091 318 4134 111
353 4089 410 4145 Ubi
421 4107 472 4161 pro
483 4084 659 4161 κατείληπτο
671 4088 727 4160 leg.
743 4091 906 4155 novelicio,
925 4093 954 4146 et
965 4082 1120 4163 ἀποδροφῇ
1130 4109 1181 4163 pro
1194 4083 1385 4163 ἀποστραφῇε

215 4176 264 4232 sed
280 4175 367 4232 verbe
381 4169 432 4232 λνα
451 4176 491 4245 μὴ
508 4165 664 4247 ἀποδρνφῇ
679 4173 822 4232 eiiciende.
853 4174 974 4230 Inseruit
984 4175 1122 4247 quispiam
1132 4192 1292 4246 responsum
1303 4192 1384 4229 snum

211 4261 302 4333 (quod
319 4258 429 4333 scepins
445 4259 552 4315 fectum
568 4257 735 4330 invenimus)
752 4259 789 4314 cd
807 4258 972 4314 scholiastes
990 4259 1251 4330 interrogationem:
1272 4263 1335 4324 πῶς
1352 4257 1385 4314 δὲ

215 4350 266 4403 καὶ
286 4349 440 4404 κατελλντο
458 4349 495 4415 τῇ
511 4342 600 4414 αἰγίδι
620 4337 792 4412 ἑλκόμενος,-
