3046 4980
236 332 293 396 130
325 328 360 384 Π.
378 326 420 383 De
436 329 615 386 Aristarchec
631 331 829 386 vocabulorum
846 329 1055 386 Homericornm
1071 328 1309 400 interpretatione.

232 490 395 561 Nicander
419 497 453 561 in
474 497 757 582 Alexipharmacis.
799 497 869 566 Nec
891 500 985 565 aliter
1004 497 1095 564 Alex.
1116 498 1221 564 Aetol.
1242 496 1318 563 Ath.
1336 494 1399 561 Vll

233 610 311 671 296θ
334 602 383 686 (fr.
406 603 466 669 XV
488 605 585 690 Gap).
627 607 750 673 Partim
771 629 830 692 pro
852 607 996 693 prandio,
1017 606 1099 691 Opp.
1122 606 1198 691 Cyn.
1219 603 1234 668 I
1258 609 1316 672 132

311 707 444 793 χείματι
466 706 497 775 δ’
522 708 556 776 έν
575 710 708 802 μεσάτφ
728 712 832 798 μέσου
852 708 981 801 ἤματος
1003 706 1214 798 ἀγράσσοιεν,

314 807 387 882 εὖτέ
406 841 457 896 τις
477 814 513 883 έν
535 819 706 903 δρυμοῖσιυ
726 817 793 887 ὑπὸ
814 815 980 910 σπη’λυγγι
1000 817 1155 897 λιασθεὶς

313 921 445 1014 κάρφεα
467 921 646 1008 λεξάμενός
665 954 701 995 τε
721 927 778 995 καὶ
797 923 971 1014 ὠκύμορον
992 922 1104 1017 φλόγα
1124 919 1228 1014 νη’σας

314 1027 389 1120 ἀγχι
409 1032 514 1119 πυρὸς
534 1035 685 1114 κλινθείς
705 1032 890 1104 ὁπλίσσατο
914 1029 1041 1122 δόρπον
1063 1027 1220 1119 ἀμορβός.

150 1148 220 1219 (136)
233 1143 304 1209 Hoc
332 1144 397 1209 iam
423 1145 585 1212 invenitur
611 1147 720 1231 hymn.
741 1147 848 1231 Apoll.
871 1153 941 1214 511.
987 1145 1032 1210 Et
1060 1144 1191 1209 omnino
1217 1144 1274 1209 ubi
1300 1164 1400 1208 coena

232 1253 365 1318 dicenda
400 1257 449 1318 est
482 1253 571 1318 nulla
602 1254 756 1339 temporis
786 1253 911 1319 ratione
940 1254 1052 1319 habita
1085 1251 1240 1317 adhibent
1265 1241 1399 1333 δόρπου.

231 1360 284 1426 Sic
307 1359 365 1438 Qu.
389 1359 454 1426 Sm.
471 1363 503 1423 Δ
523 1367 584 1429 278
606 1384 677 1446 sqq.
699 1362 891 1427 famularum
913 1361 1047 1447 negotis
1072 1358 1271 1424 describens:
1291 1351 1352 1421 καί
1372 1350 1399 1441 ῥ’

229 1461 250 1552 υ)
272 1463 333 1548 μὲν
354 1460 498 1551 δόρποιο
520 1464 620 1533 πέλεν
638 1465 740 1556 ταμίη
762 1467 819 1533 καί
834 1465 974 1553 ἐδωδῆς·
995 1463 1016 1553 ἡ
1041 1459 1074 1531 δ’
1092 1459 1157 1551 ἀρα
1172 1460 1400 1547 δαινυμένοισι

230 1573 444 1658 παροινοχόει
469 1572 560 1658 μέθυ
586 1569 703 1661 λαρόν·
732 1570 816 1663 άλλη
839 1571 869 1641 δ’
894 1567 937 1640 αὖ
956 1571 1040 1659 μετὰ
1063 1568 1190 1653 δόρπον
1210 1568 1298 1657 trop
1320 1567 1400 1636 έπέ-

228 1703 302 1761 χευε
320 1679 478 1767 χέρεσσιν.
504 1707 534 1751 ν.
548 1684 621 1750 Hal.
635 1687 674 1750 A
687 1691 737 1753 26.
759 1684 837 1769 Cyn.
856 1689 944 1752 Γ49.
970 1678 1041 1748 Hal.
1061 1685 1160 1749 Γ354
1178 1673 1399 1764 (σόνδορπος).

231 1791 308 1876 Cyn.
332 1793 360 1854 B
381 1799 400 1859 7
423 1784 659 1876 (έπεδόρπιος).

703 2168 934 2239 Πάσασθαι.

313 2323 432 2390 Athen.
454 2322 470 2387 I
496 2345 521 2390 c.
548 2329 588 2391 43
618 2319 671 2390 ὅτι
696 2320 735 2390 τό
760 2319 943 2389 πάσασθαι
968 2319 1025 2388 ἐπὶ
1049 2324 1109 2388 τοῦ
1141 2314 1400 2406 ἀπογεύσασθαι

230 2423 374 2494 τίθεται.
423 2427 504 2518 φησί
541 2433 619 2515 γοῦν
656 2433 776 2511 Φοῖνιξ
806 2430 892 2516 πρὸς
917 2425 1073 2512 Ἀχιλλέα
1105 2422 1192 2509 ,,οῦκ
1225 2423 1401 2505 ἐθέλεσκες

169 2541 214 2592 131
235 2530 290 2618 ἀμ’
323 2529 415 2623 άλλη)
442 2535 491 2602 ἐνί
519 2533 695 2622 μεγάροισι
723 2533 930 2603 πάσασθαιῑί
963 2541 996 2621 (Ι
1019 2540 1102 2622 487).
1151 2534 1209 2602 καί
1239 2528 1399 2616 ἀλλαχοῦ·

230 2635 329 2724 „eoo’
354 2639 387 2709 oi
406 2638 560 2729 σπλάγχν’
585 2640 778 2712 έπάσαντο“
800 2649 832 2731 (γ
852 2648 893 2730 9).
929 2644 1075 2729 τῶνγὰρ
1096 2639 1290 2730 σπλάγχνον
1304 2636 1401 2708 ’ἀπο-

231 2745 383 2836 γεάονται
409 2745 513 2836 μόνον
539 2745 585 2831 ὡς
607 2746 647 2818 ἀν
672 2746 794 2838 ὀλίγων
815 2752 919 2832 πολὺς
945 2749 1073 2837 ὅμιλος.
1118 2746 1219 2819 καλό
1249 2745 1402 2836 Πρίαμος

232 2857 269 2926 δέ
292 2856 379 2944 πρὸς
395 2852 551 2941 Ἀχιλλέα
580 2859 661 2951 φησί
683 2865 766 2941 ,,νῦν
787 2860 827 2949 δη
852 2859 909 2927 καί
929 2856 1022 2927 σίτου
1044 2858 1229 2947 πασάμηνῑῑ
1251 2861 1296 2943 (Ω
1316 2860 1400 2943 641).

233 2961 356 3034 οἰκεῖον
381 2965 444 3053 γὰρ
469 2972 529 3034 τοῦ
559 2964 715 3057 τηνικάδε
746 2961 967 3059 ἀτυχήσαντος
993 2962 1255 3053 ἀπογεόσασθαι
1283 2958 1400 3050 μόνον·

232 3071 280 3154 εἰς
301 3070 402 3160 κόρον
421 3075 483 3162 γὰρ
506 3075 620 3143 ἐλθεῖν
642 3070 702 3143 οῦκ
725 3070 779 3142 εἰἀ
799 3075 837 3144 τὸ
859 3074 998 3156 πένθος.
1037 3075 1092 3145 διὸ
1119 3074 1176 3142 καὶ
1197 3069 1216 3141 ό
1240 3071 1279 3141 τὸ
1302 3067 1399 3139 σόνο-

232 3183 292 3249 λον
321 3178 359 3249 οῦ
392 3177 591 3268 γευσάμενος
621 3187 750 3272 τροφῆς
781 3178 883 3263 „reic'
915 3178 1030 3263 ἀσιτος
1058 3177 1234 3262 άπαοτοςί(
1260 3182 1293 3266 (δ
1319 3185 1401 3264 788).

232 3288 291 3356 ἐπὶ
312 3289 348 3356 δέ
361 3295 425 3356 τῶν
442 3284 749 3379 ἀποπληρουμένων
765 3287 928 3358 οὐδέποτε
942 3289 1031 3378 λέγει
1048 3291 1086 3359 τὸ
1109 3288 1300 3375 πάσασθαι,
1326 3281 1398 3353 ἀλλ)

233 3391 344 3465 όπόοα
369 3398 466 3484 δηλοῖ
490 3394 601 3487 κόρον·
632 3393 762 3484 ,,αότάρ
789 3397 863 3465 ἐπεὶ
888 3397 980 3467 σίτου
1006 3396 1186 3489 τάρφθενῑῑ
1211 3397 1247 3486 <ζ
1264 3398 1323 3484 99)
1343 3393 1401 3462 καί

234 3500 395 3592 υἐδητύος
422 3501 460 3586 ἐξ
488 3501 562 3590 ἷίρον
591 3503 700 3576 έντοῑῑ.
749 3501 781 3573 oi
801 3506 838 3572 δέ
859 3501 1012 3589 νεώτεροι
1031 3506 1088 3573 καὶ
1112 3504 1169 3572 ini
1188 3508 1248 3572 τοῦ
1266 3503 1401 3590 πληρω-

232 3616 338 3699 θῆναι
354 3609 492 3679 τιθέασι
505 3612 544 3681 τὸ
559 3609 749 3680 πάσασθαι.
788 3614 1004 3697 Καλλίμαχος
1023 3613 1156 3698 ,μόθου
1176 3611 1213 3680 δέ
1228 3606 1401 3698 πασαίμην

231 3719 363 3810 ἥδιονῑῑ.
392 3714 632 3809 Ἐρατοσθένης
645 3715 818 3809 ,,όπταλέα
832 3718 913 3810 κρέα
928 3719 966 3788 ἐκ
980 3720 1103 3812 τέφρης
1121 3713 1288 3787 ἐπάσαντο
1308 3712 1350 3784 τά
1371 3711 1398 3783 τ’

233 3823 457 3916 ἀγρώσσοντες
479 3826 623 3900 έλοντο“.
658 3832 838 3919 Egregium
859 3832 1023 3918 specimen
1037 3831 1284 3898 Homericorum
1304 3850 1401 3895 voco-

232 3938 382 4004 bulorum
411 3940 632 4025 explicationis
659 3940 761 4024 qualis
783 3940 989 4005 Aristarcheo
1012 3941 1140 4006 demum
1162 3938 1308 4024 exemplo
1331 3959 1400 4003 esse

231 4049 367 4130 poterat.
409 4045 448 4111 In
474 4047 536 4111 hoc
562 4046 718 4137 vocabulo
740 4046 779 4111 de
807 4047 878 4131 ipso
898 4048 1086 4113 Aristarcho
1108 4047 1329 4113 testimonium
1349 4067 1400 4109 re-

231 4152 343 4218 lictum
363 4154 398 4218 in
419 4154 475 4218 illo
498 4154 699 4219 memorabili
722 4154 845 4219 scholio
867 4155 997 4240 Didymi
1018 4156 1059 4220 ed
1079 4158 1176 4223 1222
1200 4147 1303 4239 αὐτὰρ
1327 4148 1401 4216 έπεί

231 4254 353 4337 πόσιος
372 4257 430 4324 καί
456 4255 592 4348 έδητόος
613 4257 650 4341 ἐξ
668 4256 744 4348 έρον
771 4257 862 4326 irco:
890 4261 1065 4348 φαίνονται
1086 4260 1143 4327 καί
1164 4253 1242 4344 παρ’
1260 4253 1401 4343 Ἀγαμέ-

230 4391 326 4452 μνονι
340 4365 419 4454 πρὶν
434 4364 491 4434 ἐπὶ
504 4367 565 4455 τὴν
581 4365 760 4453 πρεσβείαν
774 4364 972 4436 στείλασθαι
988 4370 1211 4447 δειπνοῦντες·
1227 4366 1309 4456 φησὶ
1322 4369 1401 4451 γοῦν
