3008 4980
400 327 422 376 1.
453 319 602 378 Aristonici
619 321 690 377 liber
707 320 742 378 de
760 323 833 378 notis
849 323 1009 378 Arisharchi.
1272 333 1290 393 9

121 491 216 555 choas
231 490 292 555 sibi
306 490 466 556 atheieses
482 491 607 575 exponi,
624 491 743 557 sufficit
752 491 893 557 'lectores
908 492 1067 559 remisisse
1084 492 1124 556 ad
1136 491 1291 557 Wolfium

120 599 201 683 prol.
223 621 254 683 p.
277 597 435 665 CCLXXI.

204 817 222 900 5
245 822 273 882 6.
309 815 391 880 Mihi
410 816 495 881 enim
516 816 566 881 his
589 817 723 896 omissis,
746 817 863 901 quibus
884 840 935 882 res
957 817 1172 896 confirmetur,
1194 839 1291 901 quam
1309 824 1324 874 9

122 925 184 990 sibi
198 923 336 1010 singulis
352 925 488 1010 quisque
503 925 630 1010 paginis
647 925 783 1008 experiri
797 928 914 1009 potest,
936 925 977 989 ad
997 947 1035 990 ec
1055 924 1292 1009 properandum

122 1036 183 1115 esi,
210 1054 292 1116 quae
322 1032 385 1097 nisi
409 1036 495 1097 recte
517 1032 657 1098 iudicata
679 1033 875 1098 contrarium
897 1032 1030 1098 suadere
1051 1031 1103 1096 vcl
1126 1032 1222 1097 eiiam
1243 1034 1292 1097 ie·

122 1141 199 1204 sieri
218 1140 395 1206 videantur.
429 1139 574 1205 Primum
593 1141 641 1205 illi
662 1141 886 1206 considerandi
907 1141 980 1216 loci,
1004 1140 1121 1224 quibus
1140 1162 1199 1225 pro
1221 1140 1292 1205 vul-

122 1247 192 1334 gari
209 1268 268 1312 suo
291 1240 310 1333 ἡ
334 1244 438 1333 διπλῆ
460 1242 510 1311 ὅτι
531 1245 640 1315 veleri
664 1249 798 1333 σημεῖον
819 1243 872 1313 ὅτι
893 1248 996 1314 utitur
1016 1248 1093 1313 hoc:
1120 1250 1293 1335 σημειοῦν-

121 1348 178 1419 ταί
197 1377 296 1432 τινες,·
314 1377 395 1440 ηαεε
417 1378 476 1421 nos
498 1379 560 1422 vox
581 1359 621 1423 ab
644 1358 831 1423 Aristarcho
854 1358 895 1422 ad
917 1356 997 1422 elios
1020 1356 1134 1422 ducere
1156 1355 1291 1422 videtur.

122 1464 152 1526 Ε
170 1468 231 1530 253
253 1466 417 1547 γενναῖον·
442 1460 657 1550 σημειοῦνταί
683 1488 769 1541 τινες
795 1459 848 1530 ὅτι
870 1460 974 1541 osecg
1000 1456 1128 1551 εἴρηται
1154 1459 1291 1547 ἐμμενές,

122 1564 272 1655 ποίτρισν.
307 1572 519 1657 σημειοῦνται
541 1569 578 1638 δὲ
599 1570 712 1639 καὶτὸ
735 1566 879 1652 ,,ῦκνείω
903 1565 935 1636 δ’
959 1570 1100 1636 ἵππιον(ι
1114 1573 1200 1655 (255)
1222 1563 1294 1636 ἀντὶ

121 1681 180 1744 τοῦ
206 1670 352 1765 ὀκνηρῶς
380 1673 452 1758 ἀίειν.
487 1677 572 1759 τινὲς
599 1678 635 1746 δὲ
657 1677 713 1746 ἐπὶ
740 1683 801 1746 τοῦ
830 1675 940 1766 φόβου
964 1676 1099 1746 τιθέασι
1119 1676 1177 1745 τὸν
1197 1674 1295 1747 ὅκνον

122 1787 235 1872 <verba
247 1783 336 1864 τινὲς
351 1783 388 1852 δὲ
407 1825 448 1836 -
469 1786 528 1852 τὸν
550 1781 647 1855 ῦκνον
661 1789 889 1857 Friedlaender
910 1791 950 1855 ab
964 1789 1149 1855 Aristonico
1172 1788 1293 1854 abiudi-

122 1893 229 1979 cavit).
266 1899 297 1956 Z
313 1901 370 1964 131
387 1891 601 1982 σημειοῦνταί
620 1892 773 1974 riccerico
788 1889 833 1974 τίς
853 1895 931 1982 περὶ
952 1900 1035 1963 θεοῦ
1055 1899 1115 1962 τοῦ
1131 1890 1294 1962 Διονύσον

124 1998 322 2086 διαλέγεται.
359 2008 390 2065 Ζ
409 2011 470 2073 219
495 1998 611 2083 Οἰνεὺς
630 2001 710 2088 μένε
738 2003 953 2092 σημειοῦνταί
972 2027 1056 2082 τινες
1077 2000 1128 2069 ὅτι
1150 2001 1236 2088 πρὸς
1256 2001 1294 2070 τὸ

122 2113 252 2195 πρῶτον
274 2103 466 2199 ἀπήντηκεν.
509 2118 540 2175 Ζ
560 2121 620 2182 472
649 2106 719 2180 ἀπὸ
741 2111 862 2198 κρατὸς
883 2105 1004 2199 κόρυθ’
1029 2112 1150 2179 εῗλετοε
1181 2135 1292 2199 σημει-
1305 2107 1360 2177 (11)

123 2213 235 2284 οῦνταί
246 2242 329 2296 τινες
344 2223 460 2286 τοῦτον
475 2219 532 2286 διὰ
551 2218 589 2287 τὸ
609 2219 667 2287 τὸν
688 2218 842 2306 τραγικὸν
860 2215 1110 2305 Ἀστυδάμαντα
1131 2215 1297 2307 παράγειν

122 2324 179 2392 τὸν
197 2322 338 2412 Ἕκτορα
365 2325 504 2412 λέγοντα
535 2325 656 2410 ,,6ε’ξαι
684 2324 798 2417 κοινήν
821 2352 882 2412 μοι
904 2328 989 2414 πρὸς
1010 2324 1160 2414 πόλεμον
1181 2325 1218 2394 δὲ
1240 2325 1296 2394 καί

124 2438 265 2526 φοβηθῇ
285 2438 390 2513 παῖςῑί
413 2439 466 2518 (an
480 2437 564 2504 forie
579 2434 673 2517 δέξαι
693 2439 795 2524 κυνῆν
814 2461 886 2520 μοι,
910 2436 1096 2523 πρόσπολε·
1119 2431 1292 2526 πεφόβηιῦ

124 2537 262 2621 ὁπαῖςί
280 2544 403 2629 Bekis).
437 2549 474 2608 H
489 2552 548 2614 156
566 2538 778 2633 σημειοῦνταί
797 2569 883 2624 τινες
904 2544 961 2612 διὰ
982 2544 1021 2613 τὸ
1039 2540 1220 2636 παρήορος,
1242 2543 1296 2612 ὅτι

123 2647 372 2740 παρηρτημίνος
392 2650 449 2718 καί
470 2650 651 2737 κεχυμένος.
688 2657 728 2717 Η
746 2660 805 2723 303
829 2655 915 2719 δῶκε
941 2647 1055 2744 ξίφοςε
1082 2649 1298 2742 σημειοῦνταί

123 2784 204 2838 τινες
225 2757 277 2827 ίίτι
301 2751 497 2849 ἀφώπλισεν
522 2756 639 2827 ἑαυτὸν
666 2759 744 2840 ἀοῦς
767 2759 806 2827 τὸ
834 2757 932 2851 ξίφος
962 2756 1134 2847 ὁἝκτωρ.
1180 2767 1218 2828 Η
1235 2769 1295 2831 465

126 2861 263 2935 δῦσετοτ
287 2863 498 2954 σημειοῦνταί
516 2893 602 2946 τινες
621 2865 699 2955 (ὅτι)
722 2862 794 2935 ἀντὶ
814 2873 871 2935 τοῦ
891 2865 1008 2937 ἐδύετο.
1051 2872 1080 2936 Θ
1101 2875 1161 2939 340
1182 2891 1295 2956 σημει-

126 2971 237 3042 οῦνταί
255 2998 340 3054 τινες
358 2973 413 3043 ὅτι
433 2971 535 3062 ῦγιιῦς
557 2973 730 3043 ῦιέσταλκε
753 2979 881 3064 (opinor
895 2976 1051 3063 γλουτούς
1072 2980 1105 3044 ei
1125 2971 1233 3059 ἰσχία).
1267 2980 1296 3042 Θ

126 3092 182 3154 361
206 3080 364 3166 σχέτλιοςε
392 3079 603 3172 σημειοῦνταί
622 3107 708 3162 τινες
729 3081 781 3151 ὅτι
804 3079 876 3152 ἀντί
892 3089 951 3154 τοῦ
973 3080 1148 3172 ἀγνώμων·
1180 3079 1240 3152 σῦκ
1260 3082 1296 3150 ἐν

124 3195 170 3278 τῷ
183 3188 334 3260 καθόλου
349 3189 395 3271 δέ,
419 3186 491 3257 ἀλλ’
516 3187 563 3270 εἰς
583 3188 702 3281 ταύτην
722 3188 837 3281 μόνην.
866 3200 962 3264 1242
977 3187 1191 3282 σημειοῦνταί
1209 3217 1296 3272 τινες
1352 3234 1354 3239 .

126 3297 194 3387 <ῦτι
214 3301 272 3368 ins.
287 3301 395 3368 Lehrs.
418 3325 467 3386 ap.
489 3300 722 3369 Friedlaender.
750 3304 892 3371 Ariston.
914 3329 946 3390 p.
964 3304 1038 3389 161>
1060 3296 1132 3369 ἀντὶ
1152 3305 1209 3368 τοῦ
1228 3326 1295 3385 μα-

89 3405 93 3412 ’
126 3408 210 3494 λερηῦ
237 3403 319 3492 πυρί
344 3413 399 3494 (sc.
421 3403 603 3498 ἐμπρήσειν
622 3408 790 3495 μαλεροῦ).
830 3418 891 3481 246
909 3404 1049 3497 ’Ἀρμεος
1075 3405 1296 3494 ίππσβάτοιοε

125 3511 332 3603 σημειοῦνταί
344 3539 427 3594 τινες
442 3512 491 3582 ὅτι
504 3514 563 3605 τὴν
584 3513 664 3604 ὅλην
678 3517 936 3605 Πελοπόννησον
958 3513 1018 3586 σῦκ
1041 3510 1130 3585 οἶδεν
1152 3512 1171 3587 ὁ
1194 3543 1294 3605 ποιη-

124 3619 189 3712 τής,
207 3618 366 3703 Ἡσίοδος
383 3621 426 3691 δέ.
462 3627 556 3695 1254
569 3623 781 3713 σημειοῦνταί
799 3650 885 3704 τινες
906 3622 958 3693 ὅτι
973 3629 1129 3711 παρεῖται
1143 3625 1181 3693 τὸ
1196 3619 1295 3712 »τάδε

126 3728 266 3818 λέγωνίί.
301 3737 339 3798 Λ
354 3740 393 3802 65
409 3735 493 3811 πᾶςτ
513 3729 723 3821 σημειοῦνταί
735 3758 822 3813 τινες
842 3731 896 3801 ὅτι
917 3737 1014 3801 τοῦτο
1037 3727 1110 3800 ἀντὶ
1129 3738 1187 3801 τοῦ
1208 3731 1295 3813 ὅλος.

125 3841 165 3916 ib,
180 3848 238 3911 201
255 3836 469 3929 σημειοῦνταί
480 3863 567 3920 τινες
580 3837 636 3909 ῦτι
651 3838 686 3908 ἓν
699 3837 762 3930 ἴση)
774 3847 820 3930 τῷ
835 3843 1056 3929 <sicLehrsius
1071 3865 1150 3911 corr.
1163 3865 1222 3930 pro
1232 3836 1296 3929 ’ίσην

125 3950 200 4034 τοῦ)
221 3944 277 4016 σοί
297 3945 316 4037 ἡ
337 3945 407 4015 τείν
428 3943 617 4033 ἀντωνυμία
637 3949 773 4036 Δωρικὴ
795 3941 878 4017 οῦσα
899 3949 984 4017 κατὰ
1005 3948 1219 4034 πλεονασμὸν
1238 3953 1296 4018 τσῦ

126 4079 142 4121 ε
162 4051 338 4143 ἐξηνέχθη·
361 4053 445 4124 ὅθεν
467 4053 713 4147 φυλάσσεται-ὁ
736 4052 837 4138 αὐτὸς
854 4053 950 4137 τόνος
972 4051 1295 4147 <verbosissimis

125 4202 166 4213 -
186 4160 204 4231 ὃ
227 4157 326 4242 αῦτὸς
343 4161 440 4245 τόνος
453 4167 681 4234 Friedleender
701 4170 742 4235 ab
757 4170 967 4237 Aristoniceis
989 4168 1146 4255 seclusit>.
1182 4172 1220 4233 A
1234 4173 1295 4236 314

126 4268 334 4357 σημειοῦνταί
360 4298 446 4354 τινες
474 4271 527 4341 ὅτι
555 4269 726 4362 ἀριστείαν
757 4274 905 4344 ἐνταῦθα
930 4270 1116 4355 Ὀδυσσέως
1140 4270 1296 4360 παράγει.

126 4387 185 4450 664
216 4385 318 4448 κακοῦ
345 4376 376 4447 δ’
405 4375 471 4469 ίίρα
504 4378 535 4450 oi
562 4381 664 4452 πέλεν
692 4378 792 4474 ἀρχήε
824 4381 1037 4474 σημειοῦνταί
1061 4407 1147 4462 τινες
1175 4379 1228 4450 ὅτι
1256 4371 1293 4444 οῦ
