3008 4980
634 356 671 405 -3-
694 351 805 422 νεάζει
1073 374 1075 379 ’
1271 359 1310 420 85

143 519 351 603 (quamquam
365 524 440 584 sunt
453 519 601 598 fortasse)
623 521 772 599 tenuisse,
794 522 851 585 sed
870 522 919 606 φή
938 542 996 604 pro
1018 521 1116 585 verbo
1138 521 1305 605 accepisse,
1318 517 1372 587 (94)

143 646 217 690 cum
248 627 428 691 abstrusam
455 625 644 711 particulam
677 620 724 712 φή
751 627 786 691 in
812 627 990 692 Homerum
1014 626 1216 692 inferendum
1241 651 1307 693 non

143 737 295 799 censeret.
341 733 575 798 Buttmannum
604 732 701 814 (lexil.
728 732 743 797 I
769 738 841 816 236)
876 734 914 798 de
945 733 996 798 his
1029 734 1174 799 versibus
1204 738 1237 800 et
1267 735 1306 800 de

141 843 286 905 veterum
303 841 566 925 interpretatione
590 841 767 925 disputasse
788 841 939 914 invenies,
962 864 1034 906 cum
1055 863 1114 905 nec
1128 841 1304 907 Aristarchi

142 947 399 1012 observationem
420 949 458 1013 de
479 969 556 1013 voce
579 943 716 1035 φράζειν
737 971 796 1014 nec
818 949 886 1014 eius
908 951 1017 1013 nosset
1038 948 1205 1014 athetesin.
1241 948 1305 1015 Sed

142 1055 228 1139 ipsas
249 1055 424 1119 Aristonici
449 1058 543 1119 notas
571 1056 794 1120 adscribamus.
841 1055 894 1120 Ad
920 1059 950 1118 B
974 1062 1046 1135 144,
1073 1055 1200 1120 narnis
1226 1054 1308 1144 alter

140 1164 231 1227 locus
255 1165 337 1239 erat,
364 1183 428 1245 quo
449 1162 484 1225 in
506 1161 690 1228 Zenodotea
710 1162 873 1229 ferebatur
894 1156 960 1250 φήε
986 1155 1111 1246 κινήθη
1138 1153 1172 1225 δ’
1202 1153 1304 1247 άγορή

142 1263 187 1345 ώς
204 1263 334 1350 κόματα
347 1264 460 1351 μακρὰ
475 1264 663 1355 δαλάσσηςι
685 1265 736 1334 ὅτι
750 1265 938 1356 Ζηνόδοτος
956 1262 1077 1356 γράφει
1100 1265 1146 1356 φή
1170 1261 1307 1351 κύματα.

142 1368 302 1441 οδδέποτε
330 1371 367 1440 δέ
381 1372 530 1463 ’Όμηρος
556 1373 594 1441 τὸ
623 1369 671 1465 φή
700 1369 772 1441 άντὶ
798 1380 858 1442 τοῦ
885 1369 931 1454 ὡς
950 1371 1089 1456 τέταχεν,
1129 1377 1174 1442 Et
1194 1380 1305 1442 nostro

139 1485 224 1550 loco:
254 1477 285 1569 (ή
311 1481 428 1570 διπλή)
450 1479 502 1549 δτι
524 1476 718 1568 ἀναγνόντες
737 1481 822 1562 τινές
843 1483 889 1573 φή
913 1477 1056 1549 κώδειαν
1077 1476 1134 1571 ὕφ’
1153 1478 1203 1561 έν,
1223 1477 1262 1546 ἵν’
1285 1474 1306 1572 ᾗ

140 1585 184 1667 ώς
218 1582 378 1669 κώδειαν,
421 1587 674 1677 προσεπέταξαν
708 1589 765 1658 τὸν
798 1585 1015 1679 ἠδικημένον.
1073 1585 1234 1656 οὐδέποτε
1270 1587 1307 1655 δέ

133 1693 280 1786 ’Όμηρος
307 1695 344 1763 τδ
374 1697 422 1786 φή
448 1691 519 1763 cirri
539 1703 596 1765 τοῦ
617 1693 662 1777 ὡς
681 1696 821 1780 τέταχεν.
867 1694 949 1777 ἴσως
977 1695 1014 1764 δέ
1038 1696 1095 1763 καὶ
1106 1692 1306 1780 ’Ἀντίμαχος

140 1802 294 1870 ἐντεῦθεν
314 1801 491 1893 έπλανήδη
513 1830 585 1895 ,,φη
607 1803 711 1894 φέρων
731 1796 843 1873 οἷσιν“
865 1803 1083 1894 (γεράνοισινὶ)
1103 1807 1170 1888 Βε.)
1191 1798 1304 1869 εἰπών.

141 1911 193 1977 δεῖ
221 1909 258 1978 δέ
282 1907 408 1993 ἔξωθεν
437 1910 708 1998 προσλαμβάνειν
733 1913 771 1979 τὸ
799 1907 844 1991 ώς
865 1913 922 1979 καὶ
947 1909 1082 1980 ἀθετεῖν
1101 1911 1159 1979 τὸν
1181 1907 1302 1991 στίχον·
1322 1923 1353 1973 85

139 2017 356 2105 ταντολογίαν
385 2019 447 2105 γὰρ
480 2018 633 2102 περιέχει.
683 2023 754 2101 Quo
779 2023 852 2088 loco
880 2025 1040 2103 observes,
1075 2022 1162 2107 quod
1188 2021 1306 2092 iterum

139 2129 320 2213 iterumque
349 2130 516 2196 observare
543 2150 658 2214 operae
685 2131 824 2214 pretium
846 2133 909 2208 est,
946 2153 1042 2215 quam
1070 2133 1162 2195 caute
1190 2150 1229 2192 ex
1255 2127 1305 2191 his

138 2235 284 2321 reliquiis
308 2237 514 2302 iudicandum
540 2237 590 2302 sit.
634 2235 718 2303 Nam
747 2238 809 2303 nisi
834 2238 968 2304 fortuito
990 2238 1075 2322 apud
1096 2234 1306 2320 Apollonium

138 2343 200 2409 hoc
221 2345 328 2428 ipsum
349 2345 558 2429 perstitisset,
584 2344 621 2408 de
651 2344 874 2410 observatione
901 2345 1103 2410 Aristarchea
1130 2343 1169 2407 ad
1194 2362 1305 2406 vocem

139 2441 278 2538 φράζειν
302 2453 484 2537 pertinente
514 2452 610 2516 etde
637 2452 825 2537 gravissimo
851 2452 886 2516 in
911 2452 975 2516 hoc
1002 2451 1073 2517 loco
1104 2448 1305 2514 diiudicando

139 2562 303 2624 momento
325 2559 479 2624 memoria
497 2558 719 2624 intercidisset.
740 2600 781 2608 -
802 2559 904 2624 Locos
926 2559 1082 2643 quosdam
1102 2561 1246 2622 veterum
1268 2556 1306 2620 de

138 2669 273 2730 accentu
295 2661 343 2754 φή
366 2667 561 2755 compositos
577 2669 609 2731 et
630 2666 816 2731 emendatos
837 2666 981 2731 dedimus
1003 2669 1125 2749 quaest.
1148 2684 1195 2746 ep.
1210 2685 1240 2746 p.
1256 2670 1305 2728 45.

138 2777 189 2838 46.
230 2772 268 2836 In
295 2773 416 2839 scholio
444 2774 583 2858 quodam
601 2771 814 2857 'explicatione
843 2772 883 2837 ad
905 2767 1028 2851 5500,
1055 2771 1141 2855 quod
1162 2774 1230 2834 erat
1251 2791 1307 2833 cur

133 2878 325 2946 ⁴Herodiano
340 2902 407 2945 non
421 2880 681 2960 adscriberemus,
701 2879 783 2943 illud
797 2873 949 2963 έγκλίνει,
974 2879 1189 2944 diciturenim
1210 2871 1227 2943 δ
1246 2872 1307 2958 μέν

137 2981 327 3070 Ζηνόδοτος
352 2982 409 3052 καί
434 2984 489 3051 τὸν
511 2982 549 3051 δέ
569 2983 626 3051 καὶ
646 2982 704 3053 τὸν
725 2981 774 3075 φή
796 2980 952 3070 έμκλίνει,
981 2984 1035 3049 ἳνα
1057 2982 1094 3049 τό
1117 2977 1165 3072 φή
1187 2975 1307 3049 ταύτὸν

73 3168 76 3178 Ι
138 3087 267 3181 δπάρχη
294 3097 341 3179 τῷ
368 3088 414 3171 ὡς
445 3133 496 3175 —-,
529 3095 609 3160 nihil
639 3094 727 3160 aliud
753 3117 821 3159 esse
849 3117 946 3178 quam
976 3093 1140 3178 „deposito
1173 3096 1307 3157 accentu

138 3203 251 3267 scribit
276 3203 310 3266 in
337 3203 481 3267 oratione
508 3203 689 3280 continua“,
726 3202 813 3286 quod
843 3201 877 3264 in
907 3201 1109 3266 circumflexo
1140 3200 1209 3265 fieri
1240 3222 1306 3264 non

138 3311 259 3393 potest,
289 3331 484 3394 quamquam
504 3313 590 3374 recte
611 3309 771 3386 monitum
792 3331 810 3372 a
830 3307 1044 3388 Buttmanno,
1068 3312 1177 3373 tamen
1200 3307 1304 3371 denuo

138 3416 334 3489 monendum
355 3417 495 3496 videtur,
525 3417 601 3500 quia
626 3415 677 3481 vel
697 3398 783 3480 nunc
803 3414 942 3500 inteltigi
963 3415 1243 3480 animadvertimus
1266 3414 1304 3480 de

138 3522 295 3590 enclitica
310 3562 350 3572 -
365 3524 484 3590 Totum
498 3524 663 3609 pervolvas
677 3521 865 3600 Homerum,
884 3545 1044 3608 nusquam
1058 3522 1138 3586 dixit
1152 3517 1306 3609 πέφραδε

140 3624 290 3715 Τρώεσσι
309 3630 360 3696 vel
382 3627 417 3694 έν
441 3635 497 3715 Τρ.
519 3655 577 3717 pro
600 3620 688 3706 εἶπε,
719 3622 917 3714 ἀγορήσατο,
941 3623 1087 3716 μετηόδα
1112 3631 1182 3696 sim.
1227 3629 1304 3696 Ubi-

139 3760 216 3822 que,
248 3739 335 3822 quod
360 3743 446 3804 recte
475 3743 508 3803 et
533 3737 696 3803 subtiliter
716 3737 920 3802 Aristarchus
949 3738 1140 3816 observavit,
1168 3732 1306 3825 φράζειν

138 3844 299 3930 significat
324 3845 465 3912 indicare
488 3845 667 3930 (anzeigen,
690 3845 860 3930 angeben).
903 3844 1037 3909 Minime
1063 3846 1172 3910 obstat
1198 3868 1219 3907 α
1245 3852 1305 3912 273

241 3944 357 4035 odoror
378 3946 426 4030 εἰς
443 3946 565 4040 ἀγορήν
585 3946 729 4026 καλέσας
749 3946 862 4036 ήρωας
878 3944 1033 4031 Ἀχαιοὺς

239 4062 351 4141 μῦθον
371 4055 526 4148 πέφραδε
547 4061 642 4134 πᾶσι,
668 4053 747 4122 daci
767 4051 799 4121 δ)
823 4051 1044 4141 έπιμάρτοροι
1065 4053 1175 4125 ἔστων.

239 4169 426 4251 μνηστῆρας
445 4163 505 4248 μὲν
527 4163 584 4230 ἐπὶ
605 4162 747 4254 σφέτερα
769 4160 973 4230 σκίδνασθαι
995 4158 1124 4244 άναιχδι
1148 4204 1184 4213 -

138 4273 201 4337 hoc
222 4274 341 4338 dictum
368 4280 417 4340 est
441 4274 507 4340 fere
528 4279 566 4339 ut
591 4269 672 4351 ἔπος
692 4271 850 4338 πάντεσσι
871 4265 1070 4359 πιφαύσκων
1091 4275 1123 4354 (χ
1145 4277 1226 4355 131).
1269 4272 1307 4337 In

139 4380 257 4464 quibus
288 4380 428 4447 solemus
457 4383 624 4448 brevitatis
654 4405 749 4447 causa
776 4382 879 4445 dicere
908 4383 1040 4445 verbum
1069 4381 1211 4464 positum
1238 4402 1306 4446 esse
