3046 4980
592 353 613 403 1.
634 346 676 402 De
693 346 862 403 accentibus.
1246 352 1306 413 255

140 508 193 591 λίς
213 507 232 580 ό
254 509 340 580 λέων
359 509 526 601 περιέσπα
548 510 605 579 ἐπὶ
627 518 685 580 τοῦ
705 510 839 590 λέοντος
859 510 943 598 πρὸς
963 509 1144 598 διαστολὴν
1158 513 1217 576 τοῦ
1232 507 1308 575 ἑπι-

139 624 297 687 θετικοῦ·
327 613 399 685 ἀλλ’
427 616 448 709 ἡ
480 614 682 704 παράδοσις,
712 616 812 711 φασί,
843 623 891 706 τῷ
916 613 1116 704 Ἀριστάρχῳ
1141 613 1308 682 πείθεται.

139 729 260 796 Herod.
291 730 332 794 ad
352 731 391 794 A
418 734 479 797 239
507 722 525 792 ό
551 726 612 812 μὲν
635 722 860 815 Ἀρίσταρχος
882 721 1006 807 όξόνιι,
1038 721 1117 791 όδὲ
1137 719 1309 810 Αἰσχρίων

139 839 299 924 περισπᾷ.
327 830 374 914 ὡς
393 833 455 921 γὰρ
477 834 571 922 παρὰ
590 835 628 902 τὸ
649 841 713 919 μῦς
729 841 804 919 μῦν,
828 830 920 923 φησί,
937 831 995 900 καί
1009 836 1084 911 νοῦς
1099 836 1184 911 νοῦν,
1207 829 1310 910 οὕτως

140 941 199 1008 καί
223 944 275 1021 λῖς
289 943 363 1007 λῖν·
391 939 475 1023 „eni
497 966 533 1008 τε
556 942 608 1008 λῖν
629 937 734 1030 ἤγαγε
755 940 909 1027 δαίμων“
932 943 1034 1029 <480>.
1076 939 1133 1007 καὶ
1154 943 1226 1026 (ins.
1250 937 1310 1006 οὐκ

141 1053 248 1138 <quod
267 1056 382 1137 postea
395 1052 606 1137 reprobavit»
629 1045 700 1117 ἔστι
721 1046 1031 1137 συγκατατίθεσθαι
1051 1052 1099 1134 τῷ
1112 1044 1307 1131 Αἰσχρίωνι,

142 1154 196 1226 ὅτι
224 1157 355 1241 μᾶλλον
388 1152 520 1247 ὀφείλει
549 1162 805 1244 περισπᾶσθαι,
842 1153 872 1224 εἰ
898 1155 955 1224 καί
983 1152 1087 1244 μηδὲν
1115 1159 1180 1220 τῶν
1205 1148 1254 1233 είς
1280 1178 1311 1232 ις

142 1260 307 1353 ληγόντων
341 1264 399 1332 καί
431 1261 603 1351 ἀρσενικὸν
637 1264 731 1353 γένος
764 1263 1032 1350 ὑπισχνουμένων
1066 1257 1312 1350 περιεσπάσθη.

142 1370 201 1439 καί
224 1368 309 1454 τάχα
333 1366 413 1439 καθ’
438 1371 548 1460 ἕτερον
570 1368 687 1460 λόγον,
716 1375 771 1441 ἵνα
796 1372 835 1442 τὸ
858 1371 1055 1442 ἐπιθετικόν
1075 1370 1133 1437 καί
1153 1372 1312 1459 σημαῖνον

143 1476 237 1566 γένος
249 1480 399 1568 θηλυκὸν
413 1481 471 1548 καί
484 1475 681 1567 όξννόμενον
696 1476 865 1571 ἀποφύγῃ,
883 1478 968 1567 λέγω
985 1479 1022 1548 δὲ
1035 1479 1073 1546 τὸ
1084 1475 1311 1566 ,,λίςπὲιρη“·

141 1592 190 1675 τῷ
209 1584 326 1672 μέντοι
344 1593 525 1677 χαρακτῆρι
545 1595 605 1657 τοῦ
626 1587 679 1669 κίς
699 1589 757 1657 καί
777 1593 850 1675 (ins.
869 1594 917 1678 τῷ
938 1592 1024 1678 <ipse
1041 1593 1154 1676 postca
1172 1588 1311 1674 πεῖσαί»

143 1693 205 1775 θός
220 1695 278 1764 καί
298 1693 357 1785 ῥίς,
379 1693 491 1763 καίτοι
513 1719 548 1783 γε
571 1694 743 1785 διαφόρως
762 1700 912 1765 κλιθεῖσι
932 1697 1019 1786 πρὸς
1036 1696 1075 1765 τὸ
1094 1691 1156 1774 λίς,
1173 1695 1269 1776 συνεξ
1295 1733 1311 1744 -

142 1801 289 1889 μαίωσιν
314 1798 395 1872 αὐτὸ
422 1804 507 1871 κατὰ
534 1799 631 1872 τόνον
655 1800 674 1873 ὃ
694 1800 924 1893 Ἀρίσταρχος.
966 1803 1022 1872 καὶ
1044 1799 1147 1882 οὕτως
1167 1797 1311 1890 ἐπείσθη

146 1909 167 2001 ἡ
191 1906 389 1999 παράδοσις.
432 1914 492 1997 (of.
513 1914 627 1984 Arcad.
653 1920 719 1996 103,
743 1923 768 1986 1.
793 1923 863 1998 125,
887 1925 913 1984 1.
934 1937 1006 2001 περ.
1026 1935 1099 1998 μον.
1122 1911 1151 1978 λ.
1176 1919 1213 1982 19
1235 1911 1313 1999 (Ιο-

84 2084 91 2091 .
146 2023 239 2088 beck.
260 2022 446 2109 paralipom.
467 2047 498 2109 p.
522 2024 599 2108 85>.)
630 2022 638 2051 λ

228 2131 278 2198 De
299 2132 479 2198 accusativo
500 2128 554 2195 λιν
579 2132 661 2198 falso
689 2133 843 2198 traditum
869 2134 909 2199 ab
930 2130 1103 2198 Eustathio
1127 2153 1157 2215 p.
1180 2135 1250 2209 857,
1273 2135 1312 2198 37

145 2237 184 2307 τὸ
208 2235 245 2304 δὲ
265 2239 318 2304 λῖν
339 2233 372 2304 οἳ
392 2235 452 2321 μὲν
473 2236 550 2323 περὶ
561 2231 775 2328 Ἀρίσταρχον
796 2232 967 2320 όξόνουσιν
988 2233 1033 2316 ὡς
1046 2235 1103 2304 καί
1120 2235 1181 2325 τὴν
1195 2231 1313 2325 ὀρθόν.

144 2339 211 2434 ἤδη
234 2345 297 2432 γὰρ
319 2342 506 2434 δεδήλωται
528 2341 580 2411 ὅτι
601 2344 639 2412 τὸ
662 2343 715 2425 λίς
734 2341 872 2428 ὠξόνετο
894 2339 972 2432 παρ’
997 2340 1117 2424 αὐτοῖς.
1149 2339 1257 2432 ἕτερον
1277 2343 1313 2410 δὲ

145 2457 347 2540 περισπῶσι,
370 2450 597 2535 κανονίζοντες
618 2449 662 2532 ὡς
679 2458 774 2521 πᾶσα
789 2449 955 2541 αἶτιατικὴ
971 2452 1220 2538 μονοσύλλαβος
1234 2447 1282 2531 εἰς
1295 2478 1313 2519 ν
1324 2456 1394 2528 (267)

145 2558 293 2650 λήγουσα
312 2565 528 2647 περισπῦται,
548 2566 643 2646 μνᾶν,
668 2562 753 2648 δρῦν,
771 2567 846 2647 μῦν,
863 2562 962 2641 κλεῖν,
979 2557 1091 2628 καίτοι
1103 2564 1164 2647 τῆς
1177 2554 1314 2639 εὐθείας

144 2665 262 2737 τοῦτον
284 2663 495 2758 όξυνομένης·
524 2664 674 2752 ὀξόνεται
702 2669 763 2758 γὰρ
784 2667 805 2759 ἡ
829 2666 928 2749 κλείς.
970 2669 1041 2737 Νεα
1060 2670 1127 2736 ulla
1148 2693 1243 2736 causa
1265 2675 1314 2737 est

146 2803 203 2846 cur
215 2779 438 2845 Aristarchum
459 2779 648 2845 mirabiliter
668 2802 687 2845 a
709 2801 743 2845 se
763 2781 869 2866 ipsum
891 2779 1061 2846 descivisse
1075 2783 1234 2864 putemus,
1254 2802 1313 2845 nec
1416 2766 1421 2777 ’

146 2888 316 2973 quisquam
348 2890 514 2971 praeterea
543 2890 612 2953 tum
643 2887 883 2954 memorabilem
921 2888 1141 2973 exceptionem
1174 2909 1314 2952 comme-

143 2996 294 3069 moravit,
320 2995 385 3061 imo
407 2995 549 3080 undique
570 2998 660 3080 patet
682 3018 795 3061 omnes
818 2996 1019 3062 consensisse
1040 2996 1075 3060 in
1096 2999 1230 3060 accentu
1251 2993 1311 3070 λῖν,

146 3102 290 3169 omnium
316 3103 447 3168 minime
478 3126 553 3169 vero
581 3126 654 3168 eum
687 3103 850 3187 scripsisse
877 3099 944 3183 λίν,
968 3104 1059 3169 cuius
1090 3102 1314 3168 auctoritatem

147 3232 206 3275 nec
226 3210 342 3295 reliqui
363 3211 576 3296 neglexerunt
598 3215 630 3276 et
653 3210 857 3276 Herodianus
878 3234 1047 3297 nusquam.
1080 3211 1119 3276 V.
1141 3209 1314 3275 Herodian.

147 3319 189 3385 ad
208 3323 248 3383 A
268 3323 339 3386 480.
379 3319 587 3398 Arcadl30,
613 3327 660 3386 17.
701 3318 861 3385 Theodcs.
884 3342 952 3385 can.
976 3327 1065 3388 1004.
1103 3317 1314 3385 Chocrobosc.

150 3431 229 3495 1230
252 3431 324 3506 (421
347 3425 437 3513 (isi).
464 3426 556 3491 Eust.
579 3433 652 3507 775,
678 3433 728 3496 40.
772 3425 895 3492 Taedet
921 3449 1006 3492 nnnc
1027 3426 1121 3513 plura
1142 3427 1257 3492 addere
1279 3426 1315 3491 ut

147 3533 312 3598 Eustachii
333 3555 473 3599 errorem
495 3535 694 3617 convincam,
721 3535 808 3619 quod
833 3557 884 3600 me
905 3534 983 3600 olim
1003 3535 1035 3599 in
1059 3535 1247 3600 adversariis
1267 3533 1315 3599 fe·

148 3641 229 3706 cisse
246 3641 348 3708 video.
391 3641 451 3707 His
480 3643 659 3727 perpensis,
685 3664 767 3726 quae
797 3643 901 3708 adhuc
923 3644 961 3708 de
983 3642 1160 3709 Aristarchi
1181 3642 1315 3707 rationi·

147 3749 208 3814 bus
230 3749 393 3832 disputata
415 3754 504 3830 sunt,
526 3750 666 3817 dubitari
687 3773 753 3816 non
774 3754 895 3836 potest,
916 3774 975 3818 nec
995 3751 1199 3817 Hermannus
1221 3750 1314 3817 dubi-

148 3857 246 3936 tabit,
276 3858 332 3940 qni
358 3856 436 3922 olim
461 3857 558 3923 fidem
585 3858 701 3924 habuit
725 3856 898 3924 Eustathic
925 3859 966 3924 ad
987 3860 1064 3928 Eur.
1086 3860 1202 3927 Bacch.
1227 3865 1314 3929 1166.

149 3964 233 4031 Casu
254 3964 369 4040 evenit,
392 3968 429 4028 ut
449 3965 534 4030 unde
556 3965 599 4030 sit
618 3965 782 4030 Eustathii
804 3988 892 4031 error
912 3966 1045 4032 iudicari
1066 3969 1177 4053 possit.
1211 3967 1263 4032 Ad
1277 3970 1316 4030 A

148 4075 208 4140 480
229 4071 264 4135 in
286 4071 356 4138 cod.
372 4071 452 4137 Ven.
467 4072 498 4136 A
514 4072 691 4137 Herodiani
712 4077 824 4138 notam
845 4074 1052 4159 subsequitur
1072 4075 1142 4156 alia,
1165 4097 1246 4160 quae
1266 4077 1315 4139 est
1332 4080 1380 4130 259

103 4260 107 4267 ι
150 4179 408 4245 denominativo
433 4174 498 4257 λίς,
520 4181 576 4244 sed
596 4179 678 4245 falso
697 4180 761 4246 huc
780 4181 905 4247 intrusa
928 4187 990 4260 est,
1012 4182 1068 4247 ubi
1088 4183 1122 4246 in
1144 4186 1235 4248 textu
1248 4181 1315 4246 Ho-

148 4286 268 4352 merico
296 4290 346 4352 est
371 4286 433 4355 λῖν.
474 4287 546 4352 Hoc
571 4287 676 4353 fraudi
701 4288 763 4353 fuit
788 4288 971 4355 Eustathic.
1013 4289 1078 4355 Sed
1103 4291 1158 4374 qui
1183 4291 1217 4355 in
1246 4291 1315 4354 cod.

148 4395 227 4462 Ven.
248 4394 337 4460 illam
359 4395 504 4464 notulam
525 4395 597 4461 loco
619 4417 685 4461 non
708 4417 766 4462 suo
789 4397 897 4463 allevit
921 4398 949 4464 is
971 4397 1046 4483 (nisi
1066 4419 1118 4485 res
1137 4418 1213 4464 casu
1233 4397 1315 4464 acci-
