3008 4980
223 382 283 447 322
672 377 721 432 IV.
744 375 786 431 De
802 376 939 446 prosodia.

156 549 204 599 326
304 544 373 610 lam
398 544 503 609 missis
531 490 740 625 turbuientis,
767 546 884 630 quibus
908 540 1054 610 Bacchus
1077 541 1212 628 gaudet,
1238 541 1376 607 exclama-

220 653 365 718 tionibus
392 655 616 717 convertamus
645 675 703 718 nos
731 654 772 719 ad
798 651 932 718 Iunonis
963 649 1092 715 delicias
1121 649 1315 735 <Antipham
1337 673 1375 736 ap.

220 759 340 828 Athen.
362 758 437 825 XIV
459 783 490 844 p.
514 758 628 843 655b>z

220 974 280 1041 Qua
297 977 367 1031 haec
384 975 513 1033 nituntur
531 977 659 1032 doctrina
677 977 711 1033 de
736 993 871 1033 consensu
893 973 1103 1045 significationis
1126 991 1191 1030 cum
1208 975 1299 1030 forma
1314 990 1374 1030 voa·

218 1060 357 1125 bulorum,
376 1076 409 1115 ea
427 1060 507 1116 nobis
525 1061 610 1117 latius
627 1062 821 1132 persequenda
838 1065 887 1118 est.
921 1060 972 1115 Est
989 1076 1023 1115 aa
1040 1058 1106 1115 satie
1124 1058 1253 1128 antiqua.
1281 1058 1375 1128 Didymi

218 1143 335 1213 legimus
353 1145 576 1201 observationem
593 1147 696 1202 Athen.
712 1147 752 1200 IX
763 1164 791 1216 p.
804 1149 870 1201 392f
887 1145 993 1215 σχεδὸν
1009 1142 1046 1199 τά
1063 1145 1187 1200 πλεῖστα
1204 1147 1266 1199 τῶν
1284 1134 1375 1214 άρνέυν

217 1229 279 1284 dud
297 1241 348 1301 τῆς
371 1241 472 1300 φωνῆς
494 1223 554 1299 ἔχει
576 1233 629 1301 τὴν
652 1220 814 1298 ὀνομασίαν
836 1229 882 1300 (cf.
900 1228 989 1284 Varro
1006 1246 1033 1298 p.
1053 1232 1085 1282 80
1103 1226 1176 1298 Sp.):
1206 1242 1292 1296 quam
1312 1225 1374 1280 illum

217 1329 274 1367 uon
290 1312 334 1369 ita
345 1313 467 1385 posuisse
480 1316 599 1381 tantum,
617 1314 666 1370 sed
677 1314 767 1370 sicubi
783 1331 827 1368 res
843 1314 959 1378 ferebat,
977 1313 1008 1367 in
1024 1330 1106 1367 usum
1123 1311 1294 1368 convertisse
1311 1328 1375 1367 suun

218 1414 252 1452 ex
269 1397 353 1454 schol.
372 1399 420 1453 Ar.
432 1398 483 1452 Av.
501 1403 549 1453 302
567 1398 704 1455 iudicium
719 1398 844 1455 facimus.
874 1398 946 1453 Nam
964 1415 1028 1453 cum
1045 1396 1210 1452 dubitarent
1226 1396 1375 1467 interpretes

217 1484 311 1536 utrum
333 1481 436 1537 rectius
458 1482 625 1538 scriberetur
646 1487 773 1555 κη’ρυλος
794 1501 831 1538 an
852 1480 997 1552 κείρυλος,
1020 1481 1043 1536 is
1068 1481 1240 1538 sententiam
1257 1480 1322 1536 trdit
1336 1480 1376 1546 ,τὸ

217 1565 402 1636 auctoriate
425 1562 521 1634 ὄνομα
541 1568 677 1639 κείρυλος
702 1562 802 1624 εἶναι.“
838 1566 996 1637 Discipulus
1023 1566 1081 1622 eius
1104 1566 1220 1637 Trypho
1242 1565 1299 1621 iam
1317 1562 1376 1635 ὑπὲρ

218 1650 382 1719 σκάμματα.
417 1649 461 1708 Et.
478 1650 515 1705 M.
540 1669 560 1707 s.
585 1653 706 1723 φιλὴτης
727 1652 873 1715 docemur,
890 1651 1069 1722 Tryphonem
1090 1653 1213 1723 φιλὴτης
1229 1668 1282 1723 pro
1299 1650 1376 1705 decur-

216 1736 277 1788 tato
294 1734 423 1790 habuisse
443 1753 477 1790 ex
493 1730 658 1807 ὑφειλέτης,
679 1725 725 1792 ὅτι
743 1735 911 1793 συνέπαθεν
927 1738 944 1808 ἣ
962 1739 1045 1808 φωνὴ
1063 1739 1105 1808 τῷ
1123 1734 1376 1809 σημαινομένην

217 1817 233 1872 δ
252 1812 309 1891 γάρ
327 1818 451 1890 κλέπτης
463 1818 580 1876 ἔνδειαν
596 1827 684 1887 ποιεῖ,
702 1809 737 1875 οὗ
752 1819 839 1890 χάριν
856 1822 907 1877 καὶ
924 1831 1024 1893 φωνῆς
1041 1813 1157 1877 ἔνδειαν
1175 1816 1377 1886 ἐνεδέξατοεελ

218 1903 335 1958 eandem
357 1904 393 1959 ob
416 1921 528 1959 causam
550 1905 721 1974 ἡμικύκλιον
744 1921 778 1959 ex
800 1904 1014 1975 internuntios,
1038 1905 1122 1972 λιμάς
1138 1920 1156 1959 a
1173 1905 1268 1961 λείποι
1286 1905 1377 1960 factum

216 1989 338 2057 putavit.
370 1988 501 2044 Dolemus
519 2006 585 2044 sane
604 1987 795 2043 doctissimum
813 1988 975 2058 ceteroquin
993 1986 1208 2058 grammaticum
1224 1988 1256 2044 in
1273 1987 1377 2060 ineptiae

216 2090 370 2128 incurusse.

284 2156 339 2212 Sed
356 2174 504 2228 pergamus
523 2156 666 2213 doctrinae
683 2158 758 2213 illius
777 2157 893 2228 vestigia
911 2158 1070 2228 sublegere,
1088 2161 1121 2214 ut
1139 2161 1247 2234 pateat,
1264 2158 1377 2213 laetaenc

216 2241 321 2298 fuerint
338 2246 452 2313 segetes.
487 2241 608 2311 Etymol.
627 2243 664 2297 M.
683 2262 711 2314 p.
731 2248 789 2311 812,
809 2237 970 2314 δχιράδες,
996 2240 1027 2299 αἳ
1049 2246 1109 2298 τῶν
1129 2247 1241 2315 χειρῶν
1257 2236 1377 2316 ῥαγάδες.

216 2331 358 2382 συνέπεσε
376 2327 442 2397 (leg.
462 2328 611 2385 συνδπαδε
629 2346 693 2383 cum
710 2327 755 2384 Et.
774 2327 845 2385 (iud.
863 2332 920 2394 563,
934 2333 965 2383 58
985 2330 1014 2383 et
1026 2327 1219 2385 ehoerobosco
1231 2327 1319 2383 cram
1335 2327 1377 2380 Aa

217 2410 266 2465 Ox.
280 2411 308 2465 ΙΙ
320 2416 378 2480 277,
396 2413 425 2481 2>
445 2410 478 2468 δὲ
495 2412 512 2483 ἡ
530 2415 614 2483 φωνὴ
631 2416 674 2486 τῷ
693 2411 905 2483 σημαινομένην.
936 2408 1036 2482 ἐπειδὴ
1048 2405 1104 2483 γάρ
1122 2406 1158 2468 τὸ
1174 2412 1263 2485 χιράς
1280 2404 1378 2468 ἔνδειάν

216 2514 282 2551 τινα
300 2497 434 2565 σημαίνει
453 2490 517 2566 (τάς
530 2490 586 2566 γάρ
599 2501 659 2552 τῶν
673 2501 786 2568 χειρῶν
802 2491 932 2568 ῥαγάδας
949 2499 1043 2567 δηλοῖ·
1061 2485 1079 2567 ἦ
1095 2494 1128 2552 δὲ
1146 2490 1241 2568 ῥαγάς
1257 2500 1310 2553 τοῦ
1326 2485 1378 2550 dlo-

135 2586 205 2657 (342)
218 2583 326 2651 κλήρου
339 2573 454 2635 ἔνδειαν
467 2574 537 2650 ἔχει·
556 2574 591 2636 τά
602 2575 661 2652 γάρ
674 2575 743 2651 ἕχον
760 2573 892 2652 ῥαγάδας
909 2584 964 2637 οὐκ
984 2576 1065 2637 ἔστιν
1082 2579 1269 2653 ὁλόκληρον),
1286 2579 1378 2635 τοῦτον

216 2663 302 2736 χάριν
328 2657 377 2719 διά
398 2669 451 2719 τοῦ
475 2685 484 2718 ι
506 2658 661 2736 γράφεται.
701 2666 735 2720 In
758 2664 927 2721 contrariam
950 2666 1062 2736 partem
1082 2664 1129 2720 hic
1151 2668 1333 2721 annectamus
1351 2661 1378 2715 dc

217 2765 300 2804 causa
317 2748 464 2818 augmenti
483 2749 706 2805 observationem
723 2749 901 2819 grammatici
916 2749 947 2803 in
963 2749 1008 2805 Et
1026 2750 1063 2808 M.
1079 2768 1108 2820 p.
1126 2755 1189 2814 820,
1208 2755 1241 2805 25
1258 2745 1340 2814 άξιυν
1354 2743 1378 2799 a

217 2839 345 2905 ζητησαι,
363 2827 412 2888 διὰ
430 2834 458 2889 τί
476 2829 605 2890 πάντοτε
623 2835 821 2904 ’μεγεδάνεται
844 2824 860 2890 ὁ
881 2835 1095 2906 παρατατικός,·
1119 2837 1170 2890 καλ
1192 2828 1275 2891 ἔστιν
1292 2831 1378 2890 εἰπεῖν,

217 2914 263 2974 δτι
281 2914 382 2988 ἐπειδὴ
401 2916 417 2972 δ
436 2912 638 2988 παρατατικός
654 2921 750 2974 πλέον
767 2916 831 2975 ἐστὶ
847 2912 925 2974 κατὰ
940 2920 993 2989 τὴν
1008 2919 1155 2988 σημασλαν
1165 2921 1220 2975 τοῦ
1232 2914 1378 2976 ἐνεστῶτος

152 3011 200 3061 327
221 2991 250 3073 (ὁ
268 2997 323 3073 γάρ
341 2995 468 3065 ἐνεστώς
485 2992 640 3071 άκαριαῖάς
658 3001 730 3069 ἐστι,
747 3005 798 3059 καὶ
813 2995 874 3071 άμα
887 3006 931 3076 τῷ
946 2999 1088 3071 λέγεσθαι
1106 2995 1166 3073 ἔχει
1183 3002 1235 3057 καὶ
1252 2995 1287 3056 τά
1304 2989 1377 3055 εἶναι·

217 3087 234 3141 ὁ
254 3084 286 3141 δὲ
308 3085 508 3156 παρατατικδς
529 3085 771 3158 παρατεταμένην
793 3082 853 3158 ἔχει
871 3089 923 3156 την
941 3080 1104 3156 σημασίαν),
1122 3079 1231 3141 τούτου
1250 3085 1332 3157 χάριν
1348 3071 1380 3142 e‘t

215 3171 402 3225 πλεονεκτῶν
413 3167 489 3224 κατά
505 3172 560 3239 την
576 3172 722 3240 σημασλαν
737 3171 792 3226 τὸν
810 3167 966 3237 ἐνεστῶτα,
984 3170 1160 3226 πλεονεκτεῖ
1174 3175 1226 3226 καὶ
1245 3166 1320 3226 κατὰ
1336 3169 1378 3236 την

215 3252 314 3325 ἀρχήν.
344 3252 382 3309 Et
398 3253 452 3308 hoc
470 3253 621 3309 admonere
638 3257 733 3324 potest
750 3255 858 3310 solutae
877 3253 1048 3324 quaestionis
1065 3253 1143 3324 apud
1154 3253 1299 3324 Moschop.
1309 3247 1377 3306 rim

216 3357 244 3408 p.
261 3344 291 3394 41
316 3338 373 3393 sive
391 3337 546 3392 Planudem
563 3337 736 3392 Bachmanni
758 3339 827 3410 Hp.
847 3345 878 3395 36
902 3358 951 3394 cur
969 3345 1107 3411 χρυσοῦν,
1131 3339 1207 3408 quod
1225 3336 1335 3409 proprio
1349 3333 1377 3389 sit

214 3427 367 3492 χρυσεοῦν,
385 3423 576 3477 contraxerint
592 3423 688 3489 Attici,
705 3440 763 3478 non
781 3428 947 3494 κεραμεοῦν
964 3426 993 3478 et
1008 3428 1160 3494 χυτρεοῦν.
1189 3418 1249 3478 ὅσα
1264 3418 1377 3491 μὲνγὰρ

217 3498 274 3562 άπδ
291 3505 444 3576 μετάλλου
461 3501 532 3571 ἴσως
558 3501 606 3563 διά
624 3502 676 3579 τὴν
694 3506 966 3579 συγκεκροτημένην
983 3509 1034 3563 καὶ
1052 3499 1173 3563 εὔτονον
1191 3506 1290 3563 αὐτῶν
1304 3504 1377 3575 φάσιν

218 3594 358 3658 συνεῖλον,
377 3585 413 3647 τά
425 3583 455 3646 δ’
467 3583 524 3647 άπὸ
536 3596 629 3661 πηλοῦ
642 3584 691 3648 οἶα
702 3594 736 3662 δὴ
754 3585 921 3663 εὔθραυστα
939 3581 1114 3662 άσυναλρετα
1133 3586 1245 3647 εἴασαν.
1257 3621 1293 3632 —-
1302 3588 1376 3645 Varro

216 3673 234 3732 l.
251 3673 270 3732 l.
282 3674 308 3729 V
320 3680 352 3730 24
364 3695 391 3747 p.
406 3679 453 3730 122
466 3675 513 3746 Sp.
534 3676 664 3741 „Vallum
680 3674 726 3731 vel
744 3676 821 3744 quod
838 3693 872 3730 ea
888 3675 1014 3730 varicare
1031 3693 1113 3732 nemo
1131 3679 1234 3746 posset,
1253 3675 1298 3731 vel
1314 3668 1376 3743 quod

216 3757 326 3827 singula
342 3760 384 3814 ibi
406 3761 531 3816 extrema
548 3761 650 3816 vacillo
672 3760 814 3816 humillata
837 3761 944 3815 habent
961 3760 1080 3830 figuram
1096 3759 1209 3815 litterae
1227 3758 1279 3815 V“.
1307 3753 1376 3827 Apul

217 3841 252 3897 de
275 3840 444 3913 diphthong.
468 3845 544 3913 §²5-
579 3845 726 3900 Saeculum
748 3863 799 3916 per
823 3861 837 3900 e
859 3844 944 3900 breve
963 3844 1080 3899 deberet
1095 3844 1201 3910 notari,
1224 3842 1377 3914 quoniame

216 3943 323 3996 sequor,
342 3927 387 3982 vel
404 3930 438 3982 ut
453 3928 549 3998 placet
560 3930 680 3985 Varroni
698 3930 734 3998 (V
747 3935 761 3984 2
775 3948 805 4000 p.
822 3934 870 3984 193
883 3927 940 3998 Sp.)
959 3945 976 3982 a
993 3945 1059 3984 sene
1077 3929 1238 3985 derivatum
1256 3931 1306 3985 est.
1333 3920 1377 3980 sal

217 4011 283 4079 quia
304 4028 364 4066 rem
385 4013 631 4081 productissimam
648 4013 825 4084 designabat,
850 4011 958 4083 placuit
975 4015 1008 4067 ut
1026 4012 1086 4068 eius
1102 4012 1268 4085 principalis
1284 4009 1376 4083 syllaba

216 4095 426 4164 significationis
443 4114 526 4154 causa
544 4099 746 4170 produceretur
764 4102 793 4153 et
811 4115 862 4169 per
880 4097 1087 4168 diphthongum
1108 4097 1194 4167 plane
1218 4098 1376 4169 dignoeere

217 4184 269 4234 tur.
299 4179 362 4238 Seu.
382 4184 489 4250 quaest.
506 4185 566 4240 nat.
588 4183 616 4237 Π
633 4190 665 4240 36
683 4183 808 4238 Dicimus
830 4182 906 4238 enim
926 4186 959 4238 ut
980 4181 1127 4252 splendere
1144 4181 1184 4237 sic
1200 4181 1316 4253 fulgere.
1346 4176 1376 4232 Al

215 4263 270 4318 illis
288 4264 434 4337 (antiquis)
451 4267 488 4322 ad
505 4267 719 4337 significandum
736 4269 809 4323 hanc
827 4285 842 4323 e
860 4267 981 4322 nubibus
997 4266 1108 4322 subitae
1124 4267 1196 4323 lucis
1213 4266 1376 4339 eruptionem

216 4366 274 4404 mos
292 4353 353 4404 erat
370 4351 463 4406 media
480 4351 589 4421 syllaba
608 4355 736 4423 correpta
754 4356 787 4408 ut
804 4353 930 4407 dicerent
946 4351 1063 4421 fulgere.
1092 4350 1201 4407 Decent
1217 4351 1289 4408 talia
1305 4350 1376 4407 Sene·

216 4451 277 4489 cam
295 4433 428 4502 Stoicum,
446 4439 479 4493 ut
496 4436 585 4494 Varro
603 4437 759 4495 Stoicorum
777 4437 934 4493 doctrinam
957 4436 1073 4494 rettulit.
1104 4436 1177 4491 Item
1195 4436 1311 4493 nomina
1326 4448 1375 4490 vor·
