3008 4980
214 327 273 389 156
289 320 323 375 IL
349 319 392 374 De
409 317 586 374 Aristarchea
601 317 801 374 vocabulcmm
819 317 1030 373 Homericomm
1045 316 1296 389 interpretatione.

212 492 375 574 corrupta,
405 511 487 572 quae
517 487 563 553 sic
589 490 675 552 recte
707 486 905 571 explebimus
934 479 992 566 οὐχ
1021 481 1067 564 ὡς
1091 481 1188 572 ἡμεῖς
1216 479 1387 567 εἰώθαμεν

212 590 472 683 ἀποφαίνεσθαι
506 590 656 678 λέγοντες
690 587 951 671 ,μακοπάθειαν
983 590 1044 676 μέν
1070 588 1137 674 ἔχει
1167 589 1188 680 ἡ
1218 588 1383 678 καρτερία,

213 698 303 786 ὅμως
325 695 357 767 d'
375 695 435 767 οὐκ
457 694 694 781 ἆποσχετέονῑί.
729 694 849 786 ταύτην
871 699 958 788 φημὶ
977 699 1038 788 τὴν
1059 694 1201 783 δύναμιν
1222 699 1270 789 μὴ
1294 695 1384 786 γινώ-

211 832 302 876 σκειν
321 807 379 875 τὸν
399 801 551 896 ποιητήν,
576 801 648 873 ἀλλ’
673 801 725 873 ἀεὶ
746 810 817 890 (ins.
830 805 901 891 ded)
922 810 982 874 τοῦ
1003 802 1110 895 έμπης
1124 801 1229 895 αὐτὴν
1242 804 1384 895 ἐκφέρει.

211 920 350 1005 Reliqua
374 940 487 983 manca
516 922 549 982 et
576 920 733 1003 corrupta
778 916 825 982 cf.
848 917 947 982 schol
978 913 997 978 λ
1023 923 1084 984 565
1112 909 1198 981 ἔνθα
1223 909 1252 996 χ’
1281 910 1384 999 ὁμῶς·

212 1021 470 1109 περισπαστέον·
502 1019 667 1111 έπίρῥημα
691 1018 764 1108 γάρ.
808 1027 856 1109 τῷ
886 1019 1055 1110 συνδέσμῳ
1083 1015 1121 1088 οὗ
1147 1025 1282 1110 χρῆται,
1313 1017 1382 1088 ἀλλ’

213 1127 279 1199 ἀντ’
304 1127 406 1198 αὐτοῦ
425 1133 473 1217 τῷ
494 1125 608 1218 έμπης.
638 1129 692 1196 διὸ
714 1128 771 1196 κοιλ
791 1129 830 1197 τὸ
848 1126 965 1214 ,,ὅμως
987 1124 1017 1195 d'
1039 1123 1077 1196 οὗ
1093 1126 1220 1218 λήθετο
1235 1125 1383 1219 χάρμης(

214 1237 246 1307 οὶ
267 1234 406 1317 πλείους
423 1241 640 1321 περισπῶσιν.
667 1240 739 1305 Ηοο
753 1239 975 1306 Aristarchum
995 1239 1198 1325 praeteriisse
1219 1263 1259 1307 eo
1280 1242 1382 1306 minus

214 1350 341 1416 credam
361 1371 434 1415 cum
454 1349 647 1414 vocabulum
669 1341 784 1431 έμπης,
805 1351 843 1411 ut
863 1369 960 1432 supra
976 1349 1121 1428 vidimus,
1136 1351 1291 1414 notasset
1322 1348 1382 1414 Res

213 1458 391 1535 verissima3
413 1479 519 1542 neque
542 1457 629 1521 enim
650 1455 717 1520 ulla
737 1456 863 1520 ratione
885 1456 1017 1521 concedi
1037 1459 1154 1541 potest,
1176 1460 1215 1521 ut
1228 1478 1303 1522 cum
1316 1457 1381 1522 Ho-

213 1565 293 1631 meri
321 1587 424 1631 sermo
450 1587 509 1651 pro
532 1568 717 1644 ‚‚attamen“,
745 1563 832 1648 quod
858 1564 1035 1629 sexcenties
1062 1564 1233 1629 dicendum
1260 1567 1384 1629 enatet

215 1674 334 1738 dictum
361 1676 425 1750 est,
456 1671 555 1737 ferret
581 1665 702 1756 ἔμπης,
732 1693 797 1736 uno
819 1671 870 1735 vel
892 1671 1017 1737 duobus
1037 1671 1073 1735 in
1091 1675 1158 1736 tam
1180 1670 1297 1756 amplis
1318 1693 1383 1736 car·

213 1781 354 1845 minibus
382 1779 462 1844 locis
492 1774 583 1859 ὅμως
613 1779 755 1863 positum
782 1779 883 1844 sitm.
926 1777 990 1844 Sed
1017 1779 1178 1862 quomodo
1203 1779 1266 1844 hos
1287 1778 1381 1854 locos,

215 1889 271 1972 qui
293 1887 361 1952 eius
382 1887 429 1951 rei
450 1886 589 1970 speciem
603 1886 767 1971 praebent,
783 1886 979 1970 expediverit
993 1886 1163 1951 nescimus.
1194 1885 1215 1948 λ
1229 1893 1291 1954 565
1307 1886 1383 1952 nihil

215 1995 324 2060 obstat
345 2015 409 2077 quo
431 1993 537 2057 minus
558 1993 643 2058 intra
665 1993 780 2058 seriem
801 1994 981 2074 spuriomm
1001 1994 1107 2061 fuerit.
1149 1993 1283 2059 Etenim
1303 1994 1383 2059 circa

213 2101 300 2167 hunc
321 2123 448 2166 versum
479 2100 613 2185 longam
637 2123 788 2178 persuum
813 2100 929 2166 seriem
947 2123 1006 2186 pro
1029 2103 1136 2187 spuria
1156 2101 1303 2167 habitam
1325 2102 1383 2168 sci·

215 2232 302 2286 mus;
330 2209 365 2272 in
387 2231 451 2292 quo
474 2208 656 2273 atheteseos
678 2208 807 2272 initium
828 2207 926 2273 fuerit
948 2230 986 2273 ex
1007 2208 1097 2273 codd.
1119 2210 1260 2294 perspici
1278 2209 1388 2294 nequit

216 2319 256 2398 (v.
272 2314 420 2400 Buttm.):
443 2338 541 2400 quare
563 2316 609 2379 nil
630 2316 765 2401 impedit
786 2337 851 2399 qno
872 2315 979 2379 minus
1000 2315 1064 2378 iam
1084 2315 1116 2378 h.
1132 2338 1160 2382 v.
1183 2318 1270 2400 (565)
1292 2317 1386 2382 fuisse

216 2426 375 2508 putemus,
397 2446 464 2489 non
487 2423 615 2488 demum
635 2447 665 2487 v.
688 2428 760 2501 567,
786 2427 824 2487 ut
845 2422 967 2488 Buttm.
988 2423 1111 2488 statuit.
1155 2422 1220 2489 Sed
1241 2425 1308 2489 sive
1328 2425 1387 2489 hoc

134 2538 205 2606 (160)
217 2530 298 2596 vidit
329 2530 533 2596 Aristarchus
570 2531 635 2595 sive
669 2529 842 2595 violentius
877 2529 1039 2614 explicans
1070 2531 1176 2596 tenuit
1207 2523 1318 2612 ὁμῶς,
1353 2534 1388 2596 nt

152 2648 200 2697 15⁷
218 2638 403 2718 scholiasta,
433 2639 648 2724 quodminus
670 2638 792 2720 credas,
825 2638 900 2722 quia
921 2659 956 2702 re
977 2660 1052 2702 vera
1074 2639 1203 2722 quidem
1224 2639 1309 2703 hanc
1327 2639 1387 2703 iam

216 2769 283 2811 non
305 2747 485 2832 explicandi
505 2747 693 2811 violentiam
714 2747 771 2812 sed
790 2745 945 2830 ineptiam
967 2744 1092 2825 dixeris,
1115 2749 1200 2810 certe
1223 2747 1304 2830 quin
1317 2768 1387 2813 vere

217 2855 317 2939 spurii
338 2856 404 2920 sint
425 2861 568 2922 565—67
590 2877 685 2919 nemo
709 2854 854 2919 dubitare
870 2854 973 2919 debet.
1005 2852 1155 2919 Fortasse
1172 2853 1290 2937 duplex
1303 2853 1388 2919 venit

216 2961 251 3026 in
273 2967 397 3028 textum
418 2961 514 3027 huius
536 2961 600 3027 loci
621 2962 775 3042 recensio,
796 2966 834 3027 ut
855 2962 975 3026 factum
998 2964 1030 3025 et
1051 2961 1091 3025 ab
1110 2960 1166 3027 Ar.
1187 2960 1389 3028 intellectum

219 3070 277 3135 Od.
306 3068 528 3139 caso-290.
575 3069 647 3134 Hoc
674 3069 745 3134 loco
776 3069 876 3134 altera
909 3068 1052 3133 recensio
1088 3067 1185 3133 fuerit
1211 3073 1389 3150 541-564,

218 3176 319 3242 altera
328 3183 501 3256 541-546,
517 3177 634 3261 quibus
649 3177 759 3242 statim
773 3177 890 3242 annexi
905 3181 1068 3244 565-’567
1077 3167 1175 3258 (ἔνθα
1188 3166 1215 3253 χ)
1226 3169 1319 3256 ὅμως
1327 3178 1388 3258 -).

217 3284 262 3349 Et
283 3307 321 3350 eo
345 3284 423 3349 olim
443 3284 648 3350 inclinabam.
677 3283 774 3349 Nunc
793 3285 840 3349 ita
861 3284 1071 3349 ratiocinatus
1083 3305 1163 3347 sum.
1192 3282 1257 3348 (tur
1272 3283 1390 3348 omissa

219 3380 364 3457 oratione
390 3391 494 3457 Ulixis
520 3394 714 3458 recentiores
741 3392 841 3476 aliqui
870 3395 977 3457 totum
1002 3391 1109 3456 locum
1134 3390 1181 3454 ita
1206 3390 1241 3454 in
1263 3390 1390 3456 brevius

219 3500 436 3564 contraxerint
459 3493 603 3580 τεύχεσιν
629 3491 712 3587 ἀμφ’
736 3492 908 3584 Ἀχιλῆος,
938 3492 1041 3584 ἔθηκε
1068 3492 1104 3562 δέ
1126 3492 1247 3561 πότνια
1268 3491 1389 3584 μήτηρ·

218 3599 304 3669 ἔνθα
327 3599 355 3684 χ’
380 3601 471 3688 ὅμως
494 3603 648 3695 προσέφη
671 3603 896 3689 κεχολωμένος
917 3599 940 3692 λη’
961 3627 1016 3669 κεν
1043 3601 1106 3688 έχὼ
1127 3597 1185 3668 τόν
1207 3609 1294 3672 certe
1315 3628 1391 3672 cau·

220 3736 288 3779 sam
309 3735 374 3778 non
395 3714 513 3780 videas.
551 3716 637 3782 Eum
656 3738 761 3800 porr0,
785 3739 803 3780 a
826 3737 889 3800 quo
911 3737 985 3798 pars
1006 3713 1148 3780 Necuiae
1169 3714 1316 3798 proxime
1342 3736 1391 3779 se·

220 3842 321 3905 quens
351 3820 496 3903 profecta
521 3826 582 3903 est,
618 3823 784 3910 egregium
811 3827 987 3901 auctorem,
1024 3825 1091 3886 tam
1115 3822 1226 3905 inepto
1253 3821 1391 3886 transitu

219 3950 314 3993 usum
336 3949 415 4008 esse,
435 3933 473 3994 ut
493 3933 666 4015 postquam
678 3930 787 3998 Ulixes
812 3931 991 3997 orationem
1006 3952 1096 3995 suam
1111 3932 1299 4015 persecutus
1315 3932 1392 4008 erat,

220 4036 404 4101 adnecteret
429 4030 514 4102 ἔνθα
532 4031 560 4117 χ’
585 4033 675 4120 ὅμως
695 4033 849 4125 προσέφη
871 4033 1095 4118 κεχολωμένος
1117 4028 1140 4122 λη’
1161 4057 1217 4100 κεν
1237 4031 1301 4120 ἐγὼ
1322 4031 1389 4114 τόν,

221 4166 261 4210 ne
288 4143 350 4209 hoc
376 4144 506 4228 quidem
530 4146 670 4213 libenter
698 4147 817 4213 credas,
859 4145 974 4211 Restat
1003 4146 1142 4211 tertium.
1185 4142 1251 4210 Iste
1278 4147 1392 4209 auctor

288 4379 515 4451 aa<0b100utus
533 4383 575 4438 est
591 4379 630 4438 M.
647 4380 746 4437 Hecht.
765 4381 871 4450 quaest.
888 4379 968 4436 Hom.
987 4397 1014 4449 p.
1033 4382 1065 4434 26
1083 4378 1157 4448 sqq.)
