<?xml version="1.0" encoding="UTF-8"?>
<!DOCTYPE html PUBLIC "-//W3C//DTD XHTML 1.0 Transitional//EN"
    "http://www.w3.org/TR/xhtml1/DTD/xhtml1-transitional.dtd">
<html xmlns="http://www.w3.org/1999/xhtml" xml:lang="en" lang="en">
 <head>
  <title>
</title>
<meta http-equiv="Content-Type" content="text/html;charset=utf-8" />
  <meta name='ocr-system' content='tesseract 3.04.00' />
  <meta name='ocr-capabilities' content='ocr_page ocr_carea ocr_par ocr_line ocrx_word'/>
</head>
<body>
  <div class='ocr_page' id='page_1' title='image "./dearistarchistu01lehrgoog/dearistarchistu01lehrgoog_0042.png"; bbox 0 0 3008 4980; ppageno 0'>
   <div class='ocr_carea' id='block_1_1' title="bbox 326 355 1286 429">
    <p class='ocr_par' dir='ltr' id='par_1_1' title="bbox 326 355 1286 429">
     <span class='ocr_line' id='line_1_1' title="bbox 326 355 1286 429; baseline -0.001 -17"><span class='ocrx_word' id='word_1_1' title='bbox 326 364 348 413; x_wconf 87' lang='lat'><strong>2.</strong></span> <span class='ocrx_word' id='word_1_2' title='bbox 374 358 487 429; x_wconf 84' lang='lat' dir='ltr'><strong>Didymi</strong></span> <span class='ocrx_word' id='word_1_3' title='bbox 503 359 575 415; x_wconf 90' lang='lat' dir='ltr'><strong>liber</strong></span> <span class='ocrx_word' id='word_1_4' title='bbox 592 361 627 415; x_wconf 91' lang='lat' dir='ltr'><strong>de</strong></span> <span class='ocrx_word' id='word_1_5' title='bbox 644 359 796 416; x_wconf 77' lang='lat' dir='ltr'><strong>Aristarchi</strong></span> <span class='ocrx_word' id='word_1_6' title='bbox 813 358 936 415; x_wconf 87' lang='lat' dir='ltr'><strong>editione</strong></span> <span class='ocrx_word' id='word_1_7' title='bbox 956 355 1078 412; x_wconf 84' lang='lat' dir='ltr'><strong>Homeri.</strong></span> <span class='ocrx_word' id='word_1_8' title='bbox 1246 359 1286 419; x_wconf 75' lang='lat'><strong>⁸27</strong></span> 
     </span>
    </p>
   </div>
   <div class='ocr_carea' id='block_1_2' title="bbox 112 513 1417 2216">
    <p class='ocr_par' dir='ltr' id='par_1_2' title="bbox 112 513 1417 2216">
     <span class='ocr_line' id='line_1_2' title="bbox 116 513 1288 615; baseline -0.006 -24"><span class='ocrx_word' id='word_1_9' title='bbox 116 527 239 591; x_wconf 89' lang='lat' dir='ltr'><strong>tionem</strong></span> <span class='ocrx_word' id='word_1_10' title='bbox 261 528 436 612; x_wconf 78' lang='lat' dir='ltr'><strong>applicaret</strong></span> <span class='ocrx_word' id='word_1_11' title='bbox 457 525 509 609; x_wconf 85' lang='grc' dir='ltr'><strong><em>(τὰ</em></strong></span> <span class='ocrx_word' id='word_1_12' title='bbox 525 521 594 591; x_wconf 78' lang='grc' dir='ltr'><strong><em>κατ’</em></strong></span> <span class='ocrx_word' id='word_1_13' title='bbox 613 523 857 615; x_wconf 79' lang='grc' dir='ltr'><strong><em>Ἀριστοφάνην</em></strong></span> <span class='ocrx_word' id='word_1_14' title='bbox 875 518 1098 615; x_wconf 75' lang='grc' dir='ltr'><strong><em>ὑπομνήματα</em></strong></span> <span class='ocrx_word' id='word_1_15' title='bbox 1117 513 1288 604; x_wconf 83' lang='grc' dir='ltr'><strong><em>Ἀριστάρ-</em></strong></span> 
     </span>
     <span class='ocr_line' id='line_1_3' title="bbox 115 629 1287 721; baseline -0.003 -24"><span class='ocrx_word' id='word_1_16' title='bbox 115 656 174 713; x_wconf 86' lang='grc' dir='ltr'><strong>χοο</strong></span> <span class='ocrx_word' id='word_1_17' title='bbox 189 637 219 695; x_wconf 89' lang='grc' dir='ltr'><strong>Β</strong></span> <span class='ocrx_word' id='word_1_18' title='bbox 237 636 316 717; x_wconf 86' lang='grc'>133).</span> <span class='ocrx_word' id='word_1_19' title='bbox 350 633 521 700; x_wconf 87' lang='lat' dir='ltr'><strong>Praeterea</strong></span> <span class='ocrx_word' id='word_1_20' title='bbox 540 637 687 721; x_wconf 87' lang='lat' dir='ltr'><strong>Dionysii</strong></span> <span class='ocrx_word' id='word_1_21' title='bbox 702 637 844 715; x_wconf 83' lang='lat' dir='ltr'><strong>Thracis,</strong></span> <span class='ocrx_word' id='word_1_22' title='bbox 864 635 1012 720; x_wconf 87' lang='lat' dir='ltr'><strong>Dionysii</strong></span> <span class='ocrx_word' id='word_1_23' title='bbox 1028 631 1162 713; x_wconf 85' lang='lat' dir='ltr'><strong>Sidonii,</strong></span> <span class='ocrx_word' id='word_1_24' title='bbox 1185 629 1287 694; x_wconf 81' lang='lat' dir='ltr'><strong>Chae-</strong></span> 
     </span>
     <span class='ocr_line' id='line_1_4' title="bbox 117 738 1287 826; baseline -0.003 -20"><span class='ocrx_word' id='word_1_25' title='bbox 117 742 194 806; x_wconf 84' lang='lat' dir='ltr'><strong>ridis</strong></span> <span class='ocrx_word' id='word_1_26' title='bbox 217 743 258 822; x_wconf 89' lang='lat' dir='ltr'><strong>(B</strong></span> <span class='ocrx_word' id='word_1_27' title='bbox 280 747 349 809; x_wconf 86' lang='grc'>865.</span> <span class='ocrx_word' id='word_1_28' title='bbox 378 746 409 803; x_wconf 90' lang='grc' dir='ltr'><em>Ζ</em></span> <span class='ocrx_word' id='word_1_29' title='bbox 425 750 473 809; x_wconf 84' lang='grc'><strong>71.</strong></span> <span class='ocrx_word' id='word_1_30' title='bbox 496 747 515 805; x_wconf 89' lang='lat' dir='ltr'><em>I</em></span> <span class='ocrx_word' id='word_1_31' title='bbox 534 746 617 826; x_wconf 84' lang='lat'>605),</span> <span class='ocrx_word' id='word_1_32' title='bbox 637 745 794 809; x_wconf 73' lang='lat' dir='ltr'><strong>Demetrii</strong></span> <span class='ocrx_word' id='word_1_33' title='bbox 813 743 946 822; x_wconf 80' lang='lat' dir='ltr'><strong>Ixionis,</strong></span> <span class='ocrx_word' id='word_1_34' title='bbox 967 741 1103 807; x_wconf 92' lang='lat' dir='ltr'><strong>Diodori</strong></span> <span class='ocrx_word' id='word_1_35' title='bbox 1125 740 1149 822; x_wconf 75' lang='lat' dir='ltr'><strong>(P</strong></span> <span class='ocrx_word' id='word_1_36' title='bbox 1166 741 1193 800; x_wconf 92' lang='grc' dir='ltr'>Β</span> <span class='ocrx_word' id='word_1_37' title='bbox 1209 738 1287 814; x_wconf 85' lang='grc'>865),</span> 
     </span>
     <span class='ocr_line' id='line_1_5' title="bbox 117 845 1288 939; baseline -0.003 -27"><span class='ocrx_word' id='word_1_38' title='bbox 117 848 295 914; x_wconf 85' lang='lat' dir='ltr'><strong>Ptolemaei</strong></span> <span class='ocrx_word' id='word_1_39' title='bbox 309 849 481 932; x_wconf 82' lang='lat' dir='ltr'><strong>Epithetac</strong></span> <span class='ocrx_word' id='word_1_40' title='bbox 497 853 717 939; x_wconf 88' lang='lat' dir='ltr'><strong>commentarii</strong></span> <span class='ocrx_word' id='word_1_41' title='bbox 731 853 771 916; x_wconf 88' lang='lat' dir='ltr'><strong>ad</strong></span> <span class='ocrx_word' id='word_1_42' title='bbox 792 855 916 916; x_wconf 87' lang='lat' dir='ltr'><strong>textum</strong></span> <span class='ocrx_word' id='word_1_43' title='bbox 932 849 1152 915; x_wconf 87' lang='lat' dir='ltr'><strong>Zenodoteum</strong></span> <span class='ocrx_word' id='word_1_44' title='bbox 1175 845 1211 928; x_wconf 84' lang='lat' dir='ltr'><strong>(si</strong></span> <span class='ocrx_word' id='word_1_45' title='bbox 1225 845 1288 909; x_wconf 88' lang='lat' dir='ltr'><strong>hoc</strong></span> 
     </span>
     <span class='ocr_line' id='line_1_6' title="bbox 118 955 1289 1043; baseline -0.005 -22"><span class='ocrx_word' id='word_1_46' title='bbox 118 957 214 1021; x_wconf 91' lang='lat' dir='ltr'><strong>modo</strong></span> <span class='ocrx_word' id='word_1_47' title='bbox 247 960 333 1021; x_wconf 89' lang='lat' dir='ltr'><strong>recte</strong></span> <span class='ocrx_word' id='word_1_48' title='bbox 363 957 612 1042; x_wconf 87' lang='lat' dir='ltr'><strong>interpretamur</strong></span> <span class='ocrx_word' id='word_1_49' title='bbox 643 962 673 1022; x_wconf 89' lang='lat' dir='ltr'><em>B</em></span> <span class='ocrx_word' id='word_1_50' title='bbox 701 963 782 1042; x_wconf 83' lang='lat'>111).</span> <span class='ocrx_word' id='word_1_51' title='bbox 829 958 956 1043; x_wconf 83' lang='lat' dir='ltr'><strong>Scripta</strong></span> <span class='ocrx_word' id='word_1_52' title='bbox 991 956 1129 1039; x_wconf 90' lang='lat' dir='ltr'><strong>denique</strong></span> <span class='ocrx_word' id='word_1_53' title='bbox 1162 955 1289 1038; x_wconf 89' lang='lat' dir='ltr'><strong>praeter</strong></span> 
     </span>
     <span class='ocr_line' id='line_1_7' title="bbox 118 1053 1417 1154; baseline -0.003 -27"><span class='ocrx_word' id='word_1_54' title='bbox 118 1063 321 1128; x_wconf 85' lang='lat' dir='ltr'><strong>Aristarchea</strong></span> <span class='ocrx_word' id='word_1_55' title='bbox 342 1064 506 1129; x_wconf 91' lang='lat' dir='ltr'><strong>Ammonii</strong></span> <span class='ocrx_word' id='word_1_56' title='bbox 527 1062 612 1148; x_wconf 86' lang='grc' dir='ltr'><strong><em>πρὸς</em></strong></span> <span class='ocrx_word' id='word_1_57' title='bbox 634 1058 855 1154; x_wconf 76' lang='grc' dir='ltr'><strong><em>Ἀθηνοκλέοι,</em></strong></span> <span class='ocrx_word' id='word_1_58' title='bbox 876 1061 954 1146; x_wconf 82' lang='grc' dir='ltr'><strong><em>περὶ</em></strong></span> <span class='ocrx_word' id='word_1_59' title='bbox 974 1064 1034 1127; x_wconf 79' lang='grc' dir='ltr'><strong><em>τοῦ</em></strong></span> <span class='ocrx_word' id='word_1_60' title='bbox 1053 1059 1099 1149; x_wconf 82' lang='grc' dir='ltr'><strong>μὴ</strong></span> <span class='ocrx_word' id='word_1_61' title='bbox 1122 1053 1289 1143; x_wconf 78' lang='grc' dir='ltr'><strong><em>γεγονέναι</em></strong></span> <span class='ocrx_word' id='word_1_62' title='bbox 1354 1126 1357 1131; x_wconf 74' lang='grc'>,</span> <span class='ocrx_word' id='word_1_63' title='bbox 1415 1117 1417 1123; x_wconf 82' lang='grc'>,</span> 
     </span>
     <span class='ocr_line' id='line_1_8' title="bbox 117 1152 1362 1260; baseline -0.002 -27"><span class='ocrx_word' id='word_1_64' title='bbox 117 1164 276 1247; x_wconf 81' lang='grc' dir='ltr'><strong><em>πλείονας</em></strong></span> <span class='ocrx_word' id='word_1_65' title='bbox 290 1167 437 1246; x_wconf 76' lang='grc' dir='ltr'><strong><em>ἐκδόσεις</em></strong></span> <span class='ocrx_word' id='word_1_66' title='bbox 454 1175 510 1260; x_wconf 81' lang='grc' dir='ltr'><strong><em>τῆς</em></strong></span> <span class='ocrx_word' id='word_1_67' title='bbox 521 1165 762 1256; x_wconf 78' lang='grc' dir='ltr'><strong>&gt;Αριστοιρηείοο</strong></span> <span class='ocrx_word' id='word_1_68' title='bbox 778 1169 1003 1259; x_wconf 80' lang='grc' dir='ltr'><strong><em>διορθώσεως,</em></strong></span> <span class='ocrx_word' id='word_1_69' title='bbox 1026 1166 1174 1256; x_wconf 82' lang='grc' dir='ltr'><strong><em>περὶτῆς</em></strong></span> <span class='ocrx_word' id='word_1_70' title='bbox 1189 1163 1287 1230; x_wconf 73' lang='grc' dir='ltr'><strong><em>ἐπεκ-</em></strong></span> <span class='ocrx_word' id='word_1_71' title='bbox 1351 1152 1362 1175; x_wconf 65' lang='grc'>’</span> 
     </span>
     <span class='ocr_line' id='line_1_9' title="bbox 118 1269 1353 1366; baseline 0.002 -25"><span class='ocrx_word' id='word_1_72' title='bbox 118 1273 277 1365; x_wconf 73' lang='grc' dir='ltr'><strong><em>δοθείσης</em></strong></span> <span class='ocrx_word' id='word_1_73' title='bbox 296 1272 522 1361; x_wconf 82' lang='grc' dir='ltr'><strong><em>διορθώσεως,</em></strong></span> <span class='ocrx_word' id='word_1_74' title='bbox 544 1279 623 1366; x_wconf 85' lang='grc' dir='ltr'><strong><em>περί</em></strong></span> <span class='ocrx_word' id='word_1_75' title='bbox 642 1285 706 1346; x_wconf 85' lang='grc' dir='ltr'><strong>τῶν</strong></span> <span class='ocrx_word' id='word_1_76' title='bbox 725 1280 792 1347; x_wconf 82' lang='grc' dir='ltr'><strong>ὑπὸ</strong></span> <span class='ocrx_word' id='word_1_77' title='bbox 808 1277 990 1356; x_wconf 82' lang='grc' dir='ltr'><strong><em>Πλάτωνος</em></strong></span> <span class='ocrx_word' id='word_1_78' title='bbox 1009 1269 1288 1361; x_wconf 69' lang='grc' dir='ltr'><strong><em>μετενηνεγμένων</em></strong></span> <span class='ocrx_word' id='word_1_79' title='bbox 1300 1289 1353 1359; x_wconf 76' lang='grc'>(31)</span> 
     </span>
     <span class='ocr_line' id='line_1_10' title="bbox 117 1377 1285 1474; baseline -0.004 -25"><span class='ocrx_word' id='word_1_80' title='bbox 117 1381 155 1464; x_wconf 76' lang='grc' dir='ltr'><strong>ἐξ</strong></span> <span class='ocrx_word' id='word_1_81' title='bbox 169 1379 321 1472; x_wconf 76' lang='grc' dir='ltr'><strong><em>Ὅμηρον</em></strong></span> <span class='ocrx_word' id='word_1_82' title='bbox 333 1389 368 1467; x_wconf 84' lang='lat'><strong>1⁰,</strong></span> <span class='ocrx_word' id='word_1_83' title='bbox 389 1389 537 1472; x_wconf 87' lang='lat' dir='ltr'><strong>Dionysii</strong></span> <span class='ocrx_word' id='word_1_84' title='bbox 555 1388 688 1456; x_wconf 86' lang='lat' dir='ltr'><strong>Thracis</strong></span> <span class='ocrx_word' id='word_1_85' title='bbox 703 1388 788 1473; x_wconf 85' lang='grc' dir='ltr'><strong><em>πρὸς</em></strong></span> <span class='ocrx_word' id='word_1_86' title='bbox 803 1384 968 1474; x_wconf 84' lang='grc' dir='ltr'><strong><em>Κράτητα,</em></strong></span> <span class='ocrx_word' id='word_1_87' title='bbox 992 1382 1070 1469; x_wconf 86' lang='grc' dir='ltr'><strong><em>περὶ</em></strong></span> <span class='ocrx_word' id='word_1_88' title='bbox 1083 1377 1285 1470; x_wconf 85' lang='grc' dir='ltr'><strong><em>ποσοτήτων,</em></strong></span> 
     </span>
     <span class='ocr_line' id='line_1_11' title="bbox 116 1487 1289 1580; baseline -0.005 -22"><span class='ocrx_word' id='word_1_89' title='bbox 116 1494 199 1559; x_wconf 83' lang='lat' dir='ltr'><strong>liber</strong></span> <span class='ocrx_word' id='word_1_90' title='bbox 222 1495 339 1579; x_wconf 86' lang='lat' dir='ltr'><strong>aliquis</strong></span> <span class='ocrx_word' id='word_1_91' title='bbox 353 1495 572 1580; x_wconf 84' lang='lat' dir='ltr'><strong>Dionysodori</strong></span> <span class='ocrx_word' id='word_1_92' title='bbox 591 1498 800 1563; x_wconf 84' lang='lat' dir='ltr'><strong>Alexandrini</strong></span> <span class='ocrx_word' id='word_1_93' title='bbox 823 1499 963 1579; x_wconf 76' lang='grc'>(3111),</span> <span class='ocrx_word' id='word_1_94' title='bbox 984 1491 1182 1559; x_wconf 86' lang='lat' dir='ltr'><strong>Parmenisoi</strong></span> <span class='ocrx_word' id='word_1_95' title='bbox 1204 1487 1289 1572; x_wconf 87' lang='grc' dir='ltr'><strong><em>πρὸς</em></strong></span> 
     </span>
     <span class='ocr_line' id='line_1_12' title="bbox 121 1594 1285 1689; baseline 0 -26"><span class='ocrx_word' id='word_1_96' title='bbox 121 1594 282 1688; x_wconf 84' lang='grc' dir='ltr'><strong><em>Κράτητα,</em></strong></span> <span class='ocrx_word' id='word_1_97' title='bbox 304 1602 481 1668; x_wconf 87' lang='lat' dir='ltr'><strong>Ptolemaei</strong></span> <span class='ocrx_word' id='word_1_98' title='bbox 504 1605 672 1671; x_wconf 88' lang='lat' dir='ltr'><strong>Oroandac</strong></span> <span class='ocrx_word' id='word_1_99' title='bbox 695 1603 771 1688; x_wconf 85' lang='grc' dir='ltr'><strong><em>περί</em></strong></span> <span class='ocrx_word' id='word_1_100' title='bbox 791 1608 851 1669; x_wconf 81' lang='grc' dir='ltr'><strong><em>τοῦ</em></strong></span> <span class='ocrx_word' id='word_1_101' title='bbox 870 1597 1053 1689; x_wconf 79' lang='grc' dir='ltr'><strong><em>Ὁμηρικοῦ</em></strong></span> <span class='ocrx_word' id='word_1_102' title='bbox 1072 1600 1285 1684; x_wconf 84' lang='grc' dir='ltr'><strong><em>χαρακτῆρος,</em></strong></span> 
     </span>
     <span class='ocr_line' id='line_1_13' title="bbox 116 1702 1289 1797; baseline -0.002 -26"><span class='ocrx_word' id='word_1_103' title='bbox 116 1706 273 1796; x_wconf 82' lang='grc' dir='ltr'><strong><em>περὶτῆς</em></strong></span> <span class='ocrx_word' id='word_1_104' title='bbox 294 1703 508 1791; x_wconf 82' lang='grc' dir='ltr'><strong><em>ὁπλοποιίας,</em></strong></span> <span class='ocrx_word' id='word_1_105' title='bbox 531 1713 697 1796; x_wconf 90' lang='lat' dir='ltr'><strong>Apollonii</strong></span> <span class='ocrx_word' id='word_1_106' title='bbox 717 1714 837 1780; x_wconf 84' lang='lat' dir='ltr'><strong>Rhodii</strong></span> <span class='ocrx_word' id='word_1_107' title='bbox 859 1709 946 1795; x_wconf 85' lang='grc' dir='ltr'><strong><em>πρὸς</em></strong></span> <span class='ocrx_word' id='word_1_108' title='bbox 966 1702 1163 1797; x_wconf 75' lang='grc' dir='ltr'><strong><em>Ζηνόδοτον,</em></strong></span> <span class='ocrx_word' id='word_1_109' title='bbox 1186 1705 1289 1770; x_wconf 90' lang='lat' dir='ltr'><strong>Athe-</strong></span> 
     </span>
     <span class='ocr_line' id='line_1_14' title="bbox 117 1811 1288 1906; baseline 0.011 -26"><span class='ocrx_word' id='word_1_110' title='bbox 117 1815 220 1882; x_wconf 90' lang='lat' dir='ltr'><strong>noclis</strong></span> <span class='ocrx_word' id='word_1_111' title='bbox 250 1814 328 1900; x_wconf 87' lang='grc' dir='ltr'><strong><em>περί</em></strong></span> <span class='ocrx_word' id='word_1_112' title='bbox 356 1812 518 1906; x_wconf 82' lang='grc' dir='ltr'><strong><em>Ὁμήρου,</em></strong></span> <span class='ocrx_word' id='word_1_113' title='bbox 551 1820 726 1886; x_wconf 69' lang='lat' dir='ltr'><strong>callistrati</strong></span> <span class='ocrx_word' id='word_1_114' title='bbox 758 1818 844 1900; x_wconf 85' lang='grc' dir='ltr'><strong><em>πρὸς</em></strong></span> <span class='ocrx_word' id='word_1_115' title='bbox 874 1818 934 1897; x_wconf 88' lang='grc' dir='ltr'><strong><em>τὰς</em></strong></span> <span class='ocrx_word' id='word_1_116' title='bbox 971 1811 1162 1904; x_wconf 71' lang='grc' dir='ltr'><strong><em>ἀθετήσεις,</em></strong></span> <span class='ocrx_word' id='word_1_117' title='bbox 1202 1813 1288 1898; x_wconf 66' lang='lat'><strong><em>0⁶⁰9·</em></strong></span> 
     </span>
     <span class='ocr_line' id='line_1_15' title="bbox 117 1917 1290 2008; baseline 0.005 -22"><span class='ocrx_word' id='word_1_118' title='bbox 117 1919 303 2008; x_wconf 65' lang='grc' dir='ltr'><strong><em>θωτικάΜ,</em></strong></span> <span class='ocrx_word' id='word_1_119' title='bbox 337 1922 416 2008; x_wconf 83' lang='grc' dir='ltr'><strong><em>περὶ</em></strong></span> <span class='ocrx_word' id='word_1_120' title='bbox 449 1919 610 2006; x_wconf 80' lang='grc' dir='ltr'><strong><em>Ἰλιάδος,</em></strong></span> <span class='ocrx_word' id='word_1_121' title='bbox 651 1929 808 1994; x_wconf 81' lang='lat' dir='ltr'><strong>Demetrii</strong></span> <span class='ocrx_word' id='word_1_122' title='bbox 842 1928 963 1994; x_wconf 84' lang='lat' dir='ltr'><strong>Ixionis</strong></span> <span class='ocrx_word' id='word_1_123' title='bbox 999 1922 1086 2008; x_wconf 88' lang='grc' dir='ltr'><strong><em>πρὸς</em></strong></span> <span class='ocrx_word' id='word_1_124' title='bbox 1116 1921 1177 1999; x_wconf 84' lang='grc' dir='ltr'><strong><em>τὰς</em></strong></span> <span class='ocrx_word' id='word_1_125' title='bbox 1215 1917 1290 2004; x_wconf 72' lang='grc' dir='ltr'><strong><em>ἔξη-</em></strong></span> 
     </span>
     <span class='ocr_line' id='line_1_16' title="bbox 117 2024 1291 2124; baseline -0.003 -29"><span class='ocrx_word' id='word_1_126' title='bbox 117 2025 240 2117; x_wconf 79' lang='grc' dir='ltr'><strong><em>γήσεις,</em></strong></span> <span class='ocrx_word' id='word_1_127' title='bbox 281 2030 365 2117; x_wconf 89' lang='grc' dir='ltr'><strong><em>πρὸς</em></strong></span> <span class='ocrx_word' id='word_1_128' title='bbox 403 2032 480 2112; x_wconf 82' lang='grc' dir='ltr'><strong><em>τοὺς</em></strong></span> <span class='ocrx_word' id='word_1_129' title='bbox 519 2028 758 2124; x_wconf 81' lang='grc' dir='ltr'><strong><em>ἠθετημένοος,</em></strong></span> <span class='ocrx_word' id='word_1_130' title='bbox 797 2035 976 2102; x_wconf 85' lang='lat' dir='ltr'><strong>Ptolemaei</strong></span> <span class='ocrx_word' id='word_1_131' title='bbox 1010 2033 1182 2119; x_wconf 83' lang='lat' dir='ltr'><strong>Epithetae</strong></span> <span class='ocrx_word' id='word_1_132' title='bbox 1212 2024 1291 2112; x_wconf 87' lang='grc' dir='ltr'><strong><em>περί</em></strong></span> 
     </span>
     <span class='ocr_line' id='line_1_17' title="bbox 112 2132 298 2216; baseline 0.038 -15"><span class='ocrx_word' id='word_1_133' title='bbox 112 2132 251 2216; x_wconf 83' lang='grc' dir='ltr'><strong><em>Ιλιάδος</em></strong></span> <span class='ocrx_word' id='word_1_134' title='bbox 262 2141 298 2208; x_wconf 80' lang='lat'><strong>1².</strong></span> 
     </span>
    </p>
   </div>
   <div class='ocr_carea' id='block_1_3' title="bbox 116 2345 1331 3183">
    <p class='ocr_par' dir='ltr' id='par_1_3' title="bbox 116 2345 1331 3183">
     <span class='ocr_line' id='line_1_18' title="bbox 200 2345 1289 2433; baseline -0.005 -19"><span class='ocrx_word' id='word_1_135' title='bbox 200 2348 218 2429; x_wconf 62' lang='grc' dir='ltr'><strong>ἓ</strong></span> <span class='ocrx_word' id='word_1_136' title='bbox 241 2352 268 2414; x_wconf 87' lang='grc'><strong>8.</strong></span> <span class='ocrx_word' id='word_1_137' title='bbox 311 2345 375 2412; x_wconf 86' lang='lat' dir='ltr'><strong>Sed</strong></span> <span class='ocrx_word' id='word_1_138' title='bbox 405 2371 599 2433; x_wconf 88' lang='lat' dir='ltr'><strong>quamquam</strong></span> <span class='ocrx_word' id='word_1_139' title='bbox 625 2350 676 2414; x_wconf 90' lang='lat' dir='ltr'><strong>his</strong></span> <span class='ocrx_word' id='word_1_140' title='bbox 703 2354 770 2414; x_wconf 87' lang='lat' dir='ltr'><strong>tam</strong></span> <span class='ocrx_word' id='word_1_141' title='bbox 794 2350 905 2414; x_wconf 90' lang='lat' dir='ltr'><strong>multis</strong></span> <span class='ocrx_word' id='word_1_142' title='bbox 933 2352 1065 2432; x_wconf 89' lang='lat' dir='ltr'><strong>tamque</strong></span> <span class='ocrx_word' id='word_1_143' title='bbox 1092 2346 1187 2411; x_wconf 89' lang='lat' dir='ltr'><strong>bonis</strong></span> <span class='ocrx_word' id='word_1_144' title='bbox 1215 2345 1289 2410; x_wconf 90' lang='lat' dir='ltr'><strong>sub-</strong></span> 
     </span>
     <span class='ocr_line' id='line_1_19' title="bbox 118 2452 1290 2543; baseline -0.003 -25"><span class='ocrx_word' id='word_1_145' title='bbox 118 2454 206 2518; x_wconf 87' lang='lat' dir='ltr'><strong>sidiis</strong></span> <span class='ocrx_word' id='word_1_146' title='bbox 228 2477 305 2519; x_wconf 88' lang='lat' dir='ltr'><strong>usus</strong></span> <span class='ocrx_word' id='word_1_147' title='bbox 328 2459 389 2534; x_wconf 87' lang='lat' dir='ltr'><strong>est,</strong></span> <span class='ocrx_word' id='word_1_148' title='bbox 419 2460 527 2521; x_wconf 90' lang='lat' dir='ltr'><strong>tamen</strong></span> <span class='ocrx_word' id='word_1_149' title='bbox 548 2479 616 2522; x_wconf 92' lang='lat' dir='ltr'><strong>non</strong></span> <span class='ocrx_word' id='word_1_150' title='bbox 636 2461 765 2543; x_wconf 85' lang='lat' dir='ltr'><strong>poterat</strong></span> <span class='ocrx_word' id='word_1_151' title='bbox 785 2457 907 2541; x_wconf 92' lang='lat' dir='ltr'><strong>ubique</strong></span> <span class='ocrx_word' id='word_1_152' title='bbox 928 2455 980 2520; x_wconf 87' lang='lat' dir='ltr'><strong>vel</strong></span> <span class='ocrx_word' id='word_1_153' title='bbox 1007 2454 1093 2538; x_wconf 84' lang='lat' dir='ltr'><strong>ipsas</strong></span> <span class='ocrx_word' id='word_1_154' title='bbox 1111 2452 1290 2517; x_wconf 88' lang='lat' dir='ltr'><strong>Aristarchi</strong></span> 
     </span>
     <span class='ocr_line' id='line_1_20' title="bbox 117 2553 1291 2649; baseline -0.001 -26"><span class='ocrx_word' id='word_1_155' title='bbox 117 2560 272 2627; x_wconf 88' lang='lat' dir='ltr'><strong>lectiones</strong></span> <span class='ocrx_word' id='word_1_156' title='bbox 299 2563 351 2629; x_wconf 87' lang='lat' dir='ltr'><strong>vel</strong></span> <span class='ocrx_word' id='word_1_157' title='bbox 381 2586 491 2628; x_wconf 86' lang='lat' dir='ltr'><strong>earum</strong></span> <span class='ocrx_word' id='word_1_158' title='bbox 518 2564 625 2630; x_wconf 85' lang='lat' dir='ltr'><strong>fontes</strong></span> <span class='ocrx_word' id='word_1_159' title='bbox 661 2566 825 2649; x_wconf 89' lang='lat' dir='ltr'><strong>expiscari.</strong></span> <span class='ocrx_word' id='word_1_160' title='bbox 876 2567 988 2630; x_wconf 80' lang='grc'>11124</span> <span class='ocrx_word' id='word_1_161' title='bbox 1013 2553 1092 2642; x_wconf 73' lang='grc' dir='ltr'><strong>μάλ’</strong></span> <span class='ocrx_word' id='word_1_162' title='bbox 1117 2556 1291 2643; x_wconf 73' lang='grc' dir='ltr'><strong><em>ἑπένρετοτ</em></strong></span> 
     </span>
     <span class='ocr_line' id='line_1_21' title="bbox 118 2660 1292 2760; baseline 0 -30"><span class='ocrx_word' id='word_1_163' title='bbox 118 2661 136 2730; x_wconf 87' lang='grc' dir='ltr'><em>ὃ</em></span> <span class='ocrx_word' id='word_1_164' title='bbox 163 2660 267 2746; x_wconf 85' lang='grc' dir='ltr'><strong><em>Ἰξίων</em></strong></span> <span class='ocrx_word' id='word_1_165' title='bbox 291 2663 361 2753; x_wconf 76' lang='grc' dir='ltr'><strong>μέγ’</strong></span> <span class='ocrx_word' id='word_1_166' title='bbox 390 2666 559 2754; x_wconf 77' lang='grc' dir='ltr'><strong><em>ἐπέγρετο·</em></strong></span> <span class='ocrx_word' id='word_1_167' title='bbox 602 2669 659 2736; x_wconf 82' lang='grc' dir='ltr'><strong>κοί</strong></span> <span class='ocrx_word' id='word_1_168' title='bbox 693 2667 823 2760; x_wconf 81' lang='grc' dir='ltr'><strong><em>μήποτε</em></strong></span> <span class='ocrx_word' id='word_1_169' title='bbox 858 2665 877 2759; x_wconf 81' lang='grc' dir='ltr'><strong>ι)</strong></span> <span class='ocrx_word' id='word_1_170' title='bbox 911 2662 1153 2751; x_wconf 82' lang='grc' dir='ltr'><strong><em>Ἀριστάρχειος</em></strong></span> <span class='ocrx_word' id='word_1_171' title='bbox 1190 2663 1292 2743; x_wconf 72' lang='grc' dir='ltr'><strong><em>οὕτως</em></strong></span> 
     </span>
     <span class='ocr_line' id='line_1_22' title="bbox 118 2764 1292 2868; baseline 0.001 -31"><span class='ocrx_word' id='word_1_172' title='bbox 118 2764 209 2854; x_wconf 81' lang='grc' dir='ltr'><strong><em>εἶχεν.</em></strong></span> <span class='ocrx_word' id='word_1_173' title='bbox 262 2781 297 2839; x_wconf 91' lang='grc' dir='ltr'><em>Ν</em></span> <span class='ocrx_word' id='word_1_174' title='bbox 321 2786 340 2845; x_wconf 83' lang='grc'>2</span> <span class='ocrx_word' id='word_1_175' title='bbox 369 2776 462 2858; x_wconf 83' lang='grc' dir='ltr'><strong><em>παρὰ</em></strong></span> <span class='ocrx_word' id='word_1_176' title='bbox 494 2780 586 2868; x_wconf 72' lang='grc' dir='ltr'><strong><em>τῇσιε</em></strong></span> <span class='ocrx_word' id='word_1_177' title='bbox 621 2775 809 2866; x_wconf 78' lang='grc' dir='ltr'><strong><em>Ζηνόδοτος</em></strong></span> <span class='ocrx_word' id='word_1_178' title='bbox 845 2776 903 2843; x_wconf 88' lang='grc' dir='ltr'><strong>καί</strong></span> <span class='ocrx_word' id='word_1_179' title='bbox 937 2771 1181 2862; x_wconf 80' lang='grc' dir='ltr'><strong><em>Ἀριστοφάνης</em></strong></span> <span class='ocrx_word' id='word_1_180' title='bbox 1215 2771 1292 2856; x_wconf 85' lang='grc' dir='ltr'><strong><em>περὶ</em></strong></span> 
     </span>
     <span class='ocr_line' id='line_1_23' title="bbox 116 2876 1331 2971; baseline 0.001 -26"><span class='ocrx_word' id='word_1_181' title='bbox 116 2884 205 2970; x_wconf 58' lang='lat' dir='ltr'><strong>spot·</strong></span> <span class='ocrx_word' id='word_1_182' title='bbox 239 2876 361 2971; x_wconf 74' lang='grc' dir='ltr'><strong><em>μήποτ’</em></strong></span> <span class='ocrx_word' id='word_1_183' title='bbox 400 2876 457 2951; x_wconf 78' lang='grc' dir='ltr'><strong><em>οὖν</em></strong></span> <span class='ocrx_word' id='word_1_184' title='bbox 494 2886 601 2965; x_wconf 80' lang='grc' dir='ltr'><strong><em>διχῶς.</em></strong></span> <span class='ocrx_word' id='word_1_185' title='bbox 658 2888 832 2971; x_wconf 86' lang='lat' dir='ltr'><strong>Praecipue</strong></span> <span class='ocrx_word' id='word_1_186' title='bbox 867 2887 977 2952; x_wconf 90' lang='lat' dir='ltr'><strong>confer</strong></span> <span class='ocrx_word' id='word_1_187' title='bbox 1012 2909 1094 2970; x_wconf 90' lang='lat' dir='ltr'><strong>quae</strong></span> <span class='ocrx_word' id='word_1_188' title='bbox 1132 2885 1211 2948; x_wconf 80' lang='lat' dir='ltr'><strong>dixit</strong></span> <span class='ocrx_word' id='word_1_189' title='bbox 1248 2883 1331 2956; x_wconf 69' lang='grc' dir='ltr'><strong><em>δεον</em></strong></span> 
     </span>
     <span class='ocr_line' id='line_1_24' title="bbox 118 2984 1289 3079; baseline 0.001 -26"><span class='ocrx_word' id='word_1_190' title='bbox 118 2990 256 3056; x_wconf 89' lang='lat' dir='ltr'><strong>lectione</strong></span> <span class='ocrx_word' id='word_1_191' title='bbox 284 2984 421 3057; x_wconf 76' lang='grc' dir='ltr'><strong><em>οίίτασεν</em></strong></span> <span class='ocrx_word' id='word_1_192' title='bbox 455 2999 489 3058; x_wconf 90' lang='grc' dir='ltr'><em>Π</em></span> <span class='ocrx_word' id='word_1_193' title='bbox 514 3001 574 3061; x_wconf 84' lang='grc'><strong>467</strong></span> <span class='ocrx_word' id='word_1_194' title='bbox 609 2995 660 3076; x_wconf 91' lang='lat' dir='ltr'><strong>(de</strong></span> <span class='ocrx_word' id='word_1_195' title='bbox 692 3018 756 3079; x_wconf 92' lang='lat' dir='ltr'><strong>quo</strong></span> <span class='ocrx_word' id='word_1_196' title='bbox 783 2996 854 3060; x_wconf 90' lang='lat' dir='ltr'><strong>looo</strong></span> <span class='ocrx_word' id='word_1_197' title='bbox 884 2995 968 3059; x_wconf 73' lang='lat' dir='ltr'><strong>inira</strong></span> <span class='ocrx_word' id='word_1_198' title='bbox 997 2993 1092 3059; x_wconf 90' lang='lat' dir='ltr'><strong>nobis</strong></span> <span class='ocrx_word' id='word_1_199' title='bbox 1120 2991 1289 3056; x_wconf 91' lang='lat' dir='ltr'><strong>dicendum</strong></span> 
     </span>
     <span class='ocr_line' id='line_1_25' title="bbox 120 3097 1290 3183; baseline 0 -21"><span class='ocrx_word' id='word_1_200' title='bbox 120 3102 168 3162; x_wconf 88' lang='lat' dir='ltr'><strong>est</strong></span> <span class='ocrx_word' id='word_1_201' title='bbox 200 3099 326 3183; x_wconf 83' lang='lat' dir='ltr'><strong>fusius).</strong></span> <span class='ocrx_word' id='word_1_202' title='bbox 384 3100 448 3166; x_wconf 88' lang='lat' dir='ltr'><strong>Sed</strong></span> <span class='ocrx_word' id='word_1_203' title='bbox 480 3103 543 3168; x_wconf 91' lang='lat' dir='ltr'><strong>hoc</strong></span> <span class='ocrx_word' id='word_1_204' title='bbox 579 3107 663 3168; x_wconf 89' lang='lat' dir='ltr'><strong>certe</strong></span> <span class='ocrx_word' id='word_1_205' title='bbox 700 3103 817 3181; x_wconf 79' lang='lat' dir='ltr'><strong>effecit,</strong></span> <span class='ocrx_word' id='word_1_206' title='bbox 857 3108 894 3168; x_wconf 90' lang='lat' dir='ltr'><strong>ut</strong></span> <span class='ocrx_word' id='word_1_207' title='bbox 935 3101 1003 3166; x_wconf 88' lang='lat' dir='ltr'><strong>eius</strong></span> <span class='ocrx_word' id='word_1_208' title='bbox 1029 3099 1187 3165; x_wconf 87' lang='lat' dir='ltr'><strong>modestia</strong></span> <span class='ocrx_word' id='word_1_209' title='bbox 1224 3097 1290 3180; x_wconf 91' lang='lat' dir='ltr'><strong>(illo</strong></span> 
     </span>
    </p>
   </div>
   <div class='ocr_carea' id='block_1_4' title="bbox 117 3201 1292 3378">
    <p class='ocr_par' dir='ltr' id='par_1_4' title="bbox 117 3201 1292 3378">
     <span class='ocr_line' id='line_1_26' title="bbox 117 3201 1292 3294; baseline 0 -26"><span class='ocrx_word' id='word_1_210' title='bbox 117 3201 248 3292; x_wconf 84' lang='grc' dir='ltr'><strong><em>μήποτε</em></strong></span> <span class='ocrx_word' id='word_1_211' title='bbox 273 3208 463 3294; x_wconf 90' lang='lat' dir='ltr'><strong>plerumque</strong></span> <span class='ocrx_word' id='word_1_212' title='bbox 489 3211 602 3289; x_wconf 89' lang='lat' dir='ltr'><strong>utitur)</strong></span> <span class='ocrx_word' id='word_1_213' title='bbox 626 3215 658 3276; x_wconf 90' lang='lat' dir='ltr'><strong>et</strong></span> <span class='ocrx_word' id='word_1_214' title='bbox 680 3211 824 3275; x_wconf 88' lang='lat' dir='ltr'><strong>doctrina</strong></span> <span class='ocrx_word' id='word_1_215' title='bbox 852 3210 997 3289; x_wconf 82' lang='lat' dir='ltr'><strong>sciamus,</strong></span> <span class='ocrx_word' id='word_1_216' title='bbox 1018 3207 1074 3273; x_wconf 89' lang='lat' dir='ltr'><strong>ubi</strong></span> <span class='ocrx_word' id='word_1_217' title='bbox 1097 3204 1292 3271; x_wconf 84' lang='lat' dir='ltr'><strong>dubitationi</strong></span> 
     </span>
     <span class='ocr_line' id='line_1_27' title="bbox 119 3313 280 3378; baseline 0.006 -1"><span class='ocrx_word' id='word_1_218' title='bbox 119 3313 207 3378; x_wconf 89' lang='lat' dir='ltr'><strong>locus</strong></span> <span class='ocrx_word' id='word_1_219' title='bbox 230 3315 280 3378; x_wconf 89' lang='lat' dir='ltr'><strong>sit.</strong></span> 
     </span>
    </p>
   </div>
   <div class='ocr_carea' id='block_1_5' title="bbox 120 3521 1349 3822">
    <p class='ocr_par' dir='ltr' id='par_1_5' title="bbox 120 3521 1349 3822">
     <span class='ocr_line' id='line_1_28' title="bbox 201 3521 1292 3609; baseline 0.002 -24"><span class='ocrx_word' id='word_1_220' title='bbox 201 3523 265 3601; x_wconf 65' lang='lat' dir='ltr'><strong>§A</strong></span> <span class='ocrx_word' id='word_1_221' title='bbox 301 3521 433 3586; x_wconf 84' lang='lat' dir='ltr'><strong>Etenim</strong></span> <span class='ocrx_word' id='word_1_222' title='bbox 446 3524 511 3588; x_wconf 92' lang='lat' dir='ltr'><strong>iam</strong></span> <span class='ocrx_word' id='word_1_223' title='bbox 528 3525 555 3588; x_wconf 88' lang='lat' dir='ltr'><strong>si</strong></span> <span class='ocrx_word' id='word_1_224' title='bbox 571 3549 616 3602; x_wconf 83' lang='lat' dir='ltr'><strong>ea,</strong></span> <span class='ocrx_word' id='word_1_225' title='bbox 639 3548 720 3609; x_wconf 89' lang='lat' dir='ltr'><strong>quae</strong></span> <span class='ocrx_word' id='word_1_226' title='bbox 743 3525 781 3590; x_wconf 94' lang='lat' dir='ltr'><strong>de</strong></span> <span class='ocrx_word' id='word_1_227' title='bbox 796 3525 973 3590; x_wconf 83' lang='lat' dir='ltr'><strong>Aristonici</strong></span> <span class='ocrx_word' id='word_1_228' title='bbox 986 3523 1180 3607; x_wconf 88' lang='lat' dir='ltr'><strong>Didymique</strong></span> <span class='ocrx_word' id='word_1_229' title='bbox 1201 3522 1292 3587; x_wconf 87' lang='lat' dir='ltr'><strong>libris</strong></span> 
     </span>
     <span class='ocr_line' id='line_1_29' title="bbox 121 3629 1349 3716; baseline 0.002 -26"><span class='ocrx_word' id='word_1_230' title='bbox 121 3629 333 3710; x_wconf 77' lang='lat' dir='ltr'><strong>exposuimus,</strong></span> <span class='ocrx_word' id='word_1_231' title='bbox 356 3631 553 3714; x_wconf 82' lang='lat' dir='ltr'><strong>respicimus,</strong></span> <span class='ocrx_word' id='word_1_232' title='bbox 574 3632 636 3698; x_wconf 91' lang='lat' dir='ltr'><strong>hoc</strong></span> <span class='ocrx_word' id='word_1_233' title='bbox 652 3655 746 3697; x_wconf 89' lang='lat' dir='ltr'><strong>nemo</strong></span> <span class='ocrx_word' id='word_1_234' title='bbox 761 3633 881 3716; x_wconf 88' lang='lat' dir='ltr'><strong>poterit</strong></span> <span class='ocrx_word' id='word_1_235' title='bbox 901 3631 1048 3696; x_wconf 84' lang='lat' dir='ltr'><strong>dubitare</strong></span> <span class='ocrx_word' id='word_1_236' title='bbox 1071 3630 1148 3713; x_wconf 91' lang='lat' dir='ltr'><strong>quin</strong></span> <span class='ocrx_word' id='word_1_237' title='bbox 1172 3631 1210 3694; x_wconf 93' lang='lat' dir='ltr'><strong>de</strong></span> <span class='ocrx_word' id='word_1_238' title='bbox 1225 3634 1292 3694; x_wconf 85' lang='lat' dir='ltr'><strong>tam</strong></span> <span class='ocrx_word' id='word_1_239' title='bbox 1346 3650 1349 3691; x_wconf 73' lang='grc' dir='ltr'><strong><em>ι</em></strong></span> 
     </span>
     <span class='ocr_line' id='line_1_30' title="bbox 120 3734 1290 3822; baseline 0.003 -25"><span class='ocrx_word' id='word_1_240' title='bbox 120 3734 214 3799; x_wconf 87' lang='lat' dir='ltr'><strong>bonis</strong></span> <span class='ocrx_word' id='word_1_241' title='bbox 235 3736 459 3803; x_wconf 86' lang='lat' dir='ltr'><strong>Aristarcheac</strong></span> <span class='ocrx_word' id='word_1_242' title='bbox 491 3740 654 3805; x_wconf 86' lang='lat' dir='ltr'><strong>doctrinae</strong></span> <span class='ocrx_word' id='word_1_243' title='bbox 683 3739 828 3805; x_wconf 86' lang='lat' dir='ltr'><strong>fontibus</strong></span> <span class='ocrx_word' id='word_1_244' title='bbox 861 3740 955 3804; x_wconf 88' lang='lat' dir='ltr'><strong>nobis</strong></span> <span class='ocrx_word' id='word_1_245' title='bbox 984 3738 1211 3822; x_wconf 85' lang='lat' dir='ltr'><strong>gratulandum</strong></span> <span class='ocrx_word' id='word_1_246' title='bbox 1239 3738 1290 3802; x_wconf 91' lang='lat' dir='ltr'><strong>sit.</strong></span> 
     </span>
    </p>
   </div>
   <div class='ocr_carea' id='block_1_6' title="bbox 121 3982 1293 4480">
    <p class='ocr_par' dir='ltr' id='par_1_6' title="bbox 121 3982 1293 4480">
     <span class='ocr_line' id='line_1_31' title="bbox 121 3982 1293 4120; baseline 0.003 -83"><span class='ocrx_word' id='word_1_247' title='bbox 121 3982 203 4120; x_wconf 52' lang='lat' dir='ltr'><strong>etigm</strong></span> <span class='ocrx_word' id='word_1_248' title='bbox 227 3984 285 4039; x_wconf 88' lang='lat' dir='ltr'><strong>eius</strong></span> <span class='ocrx_word' id='word_1_249' title='bbox 308 3985 393 4041; x_wconf 88' lang='lat' dir='ltr'><strong>editio</strong></span> <span class='ocrx_word' id='word_1_250' title='bbox 424 3985 578 4041; x_wconf 87' lang='lat' dir='ltr'><strong>carminum</strong></span> <span class='ocrx_word' id='word_1_251' title='bbox 603 3985 824 4042; x_wconf 85' lang='lat' dir='ltr'><strong>Homericorum:</strong></span> <span class='ocrx_word' id='word_1_252' title='bbox 854 3986 930 4054; x_wconf 88' lang='lat' dir='ltr'><strong>quod</strong></span> <span class='ocrx_word' id='word_1_253' title='bbox 957 3985 1071 4055; x_wconf 89' lang='lat' dir='ltr'><strong>quidam</strong></span> <span class='ocrx_word' id='word_1_254' title='bbox 1093 3984 1148 4040; x_wconf 86' lang='lat' dir='ltr'><strong>loci</strong></span> <span class='ocrx_word' id='word_1_255' title='bbox 1177 3985 1293 4041; x_wconf 83' lang='lat' dir='ltr'><strong>suadere</strong></span> 
     </span>
     <span class='ocr_line' id='line_1_32' title="bbox 124 4085 264 4124; baseline 0.029 -4"><span class='ocrx_word' id='word_1_256' title='bbox 124 4085 153 4120; x_wconf 86' lang='lat' dir='ltr'><strong>vr</strong></span> <span class='ocrx_word' id='word_1_257' title='bbox 258 4112 264 4124; x_wconf 89' lang='lat'><strong>.</strong></span> 
     </span>
     <span class='ocr_line' id='line_1_33' title="bbox 174 4071 1293 4220; baseline -0.001 -13"><span class='ocrx_word' id='word_1_258' title='bbox 174 4071 290 4208; x_wconf 62' lang='lat' dir='ltr'><strong>ellotuHroc</strong></span> <span class='ocrx_word' id='word_1_259' title='bbox 307 4153 392 4220; x_wconf 86' lang='lat' dir='ltr'><strong>libro,</strong></span> <span class='ocrx_word' id='word_1_260' title='bbox 410 4153 439 4208; x_wconf 90' lang='lat' dir='ltr'><strong>ni</strong></span> <span class='ocrx_word' id='word_1_261' title='bbox 459 4154 548 4220; x_wconf 85' lang='lat' dir='ltr'><strong>fallor,</strong></span> <span class='ocrx_word' id='word_1_262' title='bbox 565 4154 699 4209; x_wconf 88' lang='lat' dir='ltr'><strong>lectiones</strong></span> <span class='ocrx_word' id='word_1_263' title='bbox 716 4171 845 4208; x_wconf 88' lang='lat' dir='ltr'><strong>versuum</strong></span> <span class='ocrx_word' id='word_1_264' title='bbox 862 4153 1073 4208; x_wconf 92' lang='lat' dir='ltr'><strong>Homericorum</strong></span> <span class='ocrx_word' id='word_1_265' title='bbox 1091 4170 1108 4207; x_wconf 85' lang='lat' dir='ltr'><strong>a</strong></span> <span class='ocrx_word' id='word_1_266' title='bbox 1123 4153 1240 4208; x_wconf 88' lang='lat' dir='ltr'><strong>Platone</strong></span> <span class='ocrx_word' id='word_1_267' title='bbox 1258 4153 1293 4208; x_wconf 89' lang='lat' dir='ltr'><strong>ci-</strong></span> 
     </span>
     <span class='ocr_line' id='line_1_34' title="bbox 121 4238 1291 4308; baseline 0.001 -19"><span class='ocrx_word' id='word_1_268' title='bbox 121 4239 252 4302; x_wconf 83' lang='lat' dir='ltr'><strong>tatorum,</strong></span> <span class='ocrx_word' id='word_1_269' title='bbox 270 4239 365 4307; x_wconf 89' lang='lat' dir='ltr'><strong>quales</strong></span> <span class='ocrx_word' id='word_1_270' title='bbox 383 4238 413 4291; x_wconf 92' lang='lat' dir='ltr'><strong>in</strong></span> <span class='ocrx_word' id='word_1_271' title='bbox 431 4238 636 4308; x_wconf 84' lang='lat' dir='ltr'><strong>exemplaribus</strong></span> <span class='ocrx_word' id='word_1_272' title='bbox 653 4238 804 4293; x_wconf 87' lang='lat' dir='ltr'><strong>Platonicis</strong></span> <span class='ocrx_word' id='word_1_273' title='bbox 814 4239 1086 4304; x_wconf 88' lang='lat' dir='ltr'><strong>circumferebantur,</strong></span> <span class='ocrx_word' id='word_1_274' title='bbox 1106 4239 1291 4293; x_wconf 89' lang='lat' dir='ltr'><strong>examinabat.</strong></span> 
     </span>
     <span class='ocr_line' id='line_1_35' title="bbox 188 4322 689 4392; baseline -0.004 -13"><span class='ocrx_word' id='word_1_275' title='bbox 188 4323 211 4362; x_wconf 85' lang='lat'><strong>¹¹</strong></span> <span class='ocrx_word' id='word_1_276' title='bbox 233 4322 331 4379; x_wconf 62' lang='lat'>5255.</span> <span class='ocrx_word' id='word_1_277' title='bbox 368 4323 433 4377; x_wconf 84' lang='lat' dir='ltr'><strong>Cod.</strong></span> <span class='ocrx_word' id='word_1_278' title='bbox 453 4323 477 4377; x_wconf 89' lang='lat' dir='ltr'>V</span> <span class='ocrx_word' id='word_1_279' title='bbox 495 4322 689 4392; x_wconf 82' lang='grc' dir='ltr'><strong><em>Καλλίμαχος.</em></strong></span> 
     </span>
     <span class='ocr_line' id='line_1_36' title="bbox 188 4403 1176 4480; baseline 0.004 -22"><span class='ocrx_word' id='word_1_280' title='bbox 188 4407 212 4446; x_wconf 75' lang='lat'><strong>12</strong></span> <span class='ocrx_word' id='word_1_281' title='bbox 230 4406 367 4461; x_wconf 85' lang='lat' dir='ltr'><strong>Addenda</strong></span> <span class='ocrx_word' id='word_1_282' title='bbox 384 4406 499 4462; x_wconf 86' lang='lat' dir='ltr'><strong>fortasse</strong></span> <span class='ocrx_word' id='word_1_283' title='bbox 518 4406 659 4460; x_wconf 84' lang='lat' dir='ltr'><strong>Chaeridis</strong></span> <span class='ocrx_word' id='word_1_284' title='bbox 677 4403 861 4476; x_wconf 82' lang='grc' dir='ltr'><strong><em>διορθωτικά</em></strong></span> <span class='ocrx_word' id='word_1_285' title='bbox 879 4424 913 4462; x_wconf 86' lang='lat' dir='ltr'><strong>ex</strong></span> <span class='ocrx_word' id='word_1_286' title='bbox 930 4406 1013 4463; x_wconf 85' lang='lat' dir='ltr'><strong>schol</strong></span> <span class='ocrx_word' id='word_1_287' title='bbox 1033 4406 1083 4465; x_wconf 81' lang='lat' dir='ltr'><strong>od.</strong></span> <span class='ocrx_word' id='word_1_288' title='bbox 1102 4429 1118 4480; x_wconf 85' lang='grc' dir='ltr'><strong><em>η</em></strong></span> <span class='ocrx_word' id='word_1_289' title='bbox 1136 4412 1176 4462; x_wconf 82' lang='grc'><strong>80.</strong></span> 
     </span>
    </p>
   </div>
   <div class='ocr_carea' id='block_1_7' title="bbox 0 0 1513 4980">
    <p class='ocr_par' dir='ltr' id='par_1_7' title="bbox 0 0 1513 4980">
     <span class='ocr_line' id='line_1_37' title="bbox 0 0 1513 4980; baseline 0 0"><span class='ocrx_word' id='word_1_290' title='bbox 0 0 1513 4980; x_wconf 95' lang='lat' dir='ltr'><strong> </strong></span> 
     </span>
    </p>
   </div>
  </div>
 </body>
</html>
