3008 4980
217 316 274 378 198
394 308 441 362 111.
462 308 504 362 De
521 308 676 363 Aristarchi
693 308 811 364 scientia
828 307 1006 378 antiquitatis
1021 306 1197 364 Homericae.

216 475 303 559 quod
328 498 394 541 non
421 481 488 541 tam
514 476 555 542 ad
576 497 708 562 gravem
733 477 994 562 fructuosamque
1022 476 1203 541 doctrinam
1225 498 1326 560 quam
1346 474 1385 539 ad

214 606 329 648 vanam
351 585 575 650 ostentandam
597 585 764 650 scientiam
784 585 836 649 vel
854 585 894 649 ad
914 584 1140 649 venditandam
1160 583 1290 669 ingenii
1310 583 1385 647 sub-

215 690 365 756 tilitatem
391 691 443 757 vel
471 693 568 756 etiam
597 693 637 757 ad
663 693 857 776 carpendum
884 691 1042 776 optimum
1067 695 1199 776 poetam
1216 690 1385 754 inventum

216 799 403 882 cultumque
426 821 494 863 esse
517 799 687 883 putaveris.
723 798 795 863 Hoc
817 798 910 882 quale
931 797 1035 875 buerit,
1056 797 1142 862 unde
1161 801 1387 882 propagatum,

217 928 281 990 quo
303 906 410 971 studio
425 910 587 971 retentum
605 907 656 983 sit,
680 907 758 990 quid
778 906 918 989 denique
938 905 973 968 in
993 904 1279 990 grammaticorum
1303 924 1386 968 com·

215 1013 380 1077 mentariis
408 1013 558 1092 valuerit,
588 1014 649 1078 hac
679 1014 846 1078 occasione
876 1012 1053 1077 accuratius
1079 1011 1243 1095 inquirere
1273 1031 1387 1094 operae

134 1119 205 1188 (202)
216 1120 356 1204 pretium
382 1121 486 1185 risum
513 1124 571 1185 est.
618 1120 740 1206 Attigit
764 1120 845 1185 haec
872 1141 1000 1204 quoque
1026 1119 1152 1202 aliquot
1176 1117 1258 1182 locis
1291 1117 1388 1182 divini

218 1228 331 1311 operis,
353 1250 417 1311 quo
435 1250 495 1292 nos
516 1228 557 1292 ad
571 1228 776 1293 Homericam
790 1227 963 1292 lectionem
983 1224 1133 1302 instituit,
1153 1221 1311 1292 Wolfius:
1333 1226 1388 1290 sed

217 1357 277 1399 nec
299 1335 408 1399 omnia
428 1335 497 1414 ille,
526 1358 608 1420 quae
631 1334 744 1399 codem
766 1338 927 1419 spectant,
947 1333 999 1398 vel
1021 1332 1204 1416 composuit
1223 1332 1277 1397 vel
1300 1354 1387 1398 com-

217 1443 364 1525 portavit,
387 1446 427 1520 et
448 1447 486 1506 ut
500 1442 568 1506 eius
586 1442 772 1507 institutum
792 1442 924 1522 ferebat,
944 1441 977 1504 in
1001 1439 1128 1525 magnis
1149 1439 1252 1523 copiis
1275 1462 1387 1524 pamm

220 1549 299 1614 dixit
320 1549 477 1634 explicite,
498 1549 549 1613 rix
570 1553 608 1613 ut
629 1549 805 1614 scientibus
827 1549 905 1613 satis
927 1548 977 1614 sit.

302 1766 321 1845 ἓ
346 1771 372 1832 1.
409 1764 543 1830 Constat
557 1764 673 1829 summi
688 1768 802 1848 poetae
817 1763 1004 1848 aequalibus
1024 1763 1144 1847 quique
1158 1762 1276 1827 horum
1297 1762 1389 1847 plura

219 1893 277 1954 per
303 1871 409 1935 secula
434 1871 579 1957 vestigiis
600 1872 800 1951 institerunt,
829 1871 990 1956 religiosis
1009 1870 1209 1950 hominibus,
1235 1871 1293 1935 sed
1314 1871 1389 1934 sim·

220 1976 357 2061 plicibus
374 1981 406 2042 et
419 1979 527 2062 poesis
550 1978 790 2044 delectamentis
811 1978 1042 2057 helluautibus‚
1063 1999 1104 2042 ne
1125 1977 1297 2042 minimum
1319 1975 1389 2060 qui·

222 2084 294 2147 dem
308 2085 449 2169 scrupuli
463 2087 609 2151 iniecisse
625 2087 833 2170 antiquorum
846 2084 990 2149 Deorum
1004 2086 1037 2149 et
1057 2106 1162 2149 mores
1185 2088 1218 2149 et
1238 2084 1389 2161 facinora,

221 2190 261 2254 ad
274 2189 441 2257 hominum
457 2194 698 2258 similitudinem
716 2197 786 2258 tum
806 2194 890 2258 bene
913 2191 1119 2276 cupientium,
1139 2195 1210 2256 tum
1229 2214 1307 2257 vero
1328 2192 1390 2256 ira·

221 2298 379 2362 suentium
403 2304 500 2383 atque
522 2301 743 2365 invidentium.
789 2299 850 2363 His
871 2298 984 2384 igitur,
1005 2302 1043 2363 ut
1063 2299 1126 2363 hoc
1147 2302 1233 2377 utar,
1254 2320 1315 2363 nec
1335 2296 1388 2364 Iu·

221 2404 315 2468 nonis
336 2405 467 2472 incudes
487 2430 547 2471 nec
568 2407 706 2472 Vulcani
726 2407 860 2472 reticula
882 2405 1104 2489 displicebant.
1143 2403 1207 2470 Sed
1229 2427 1304 2470 cum
1324 2405 1389 2490 pri-

221 2533 310 2573 mum
330 2511 550 2598 philosophari
565 2513 676 2580 Graeci
697 2514 845 2578 homines
866 2513 1081 2595 instituerent,
1100 2515 1171 2576 tum
1191 2512 1292 2597 impia
1312 2512 1390 2576 haec

222 2618 299 2682 talia
322 2625 354 2684 et
375 2621 509 2685 scelesta
532 2644 601 2686 esse
622 2621 794 2687 duxerunt:
824 2643 888 2704 qua
907 2615 1066 2704 religione
1087 2641 1154 2684 non
1176 2618 1264 2684 solos
1285 2618 1390 2704 philo·

223 2724 351 2809 sophos,
369 2728 425 2792 sed
445 2729 533 2812 ipsos
555 2732 677 2813 poetas,
700 2729 727 2792 si
749 2750 813 2811 quo
836 2748 937 2792 novae
960 2726 1124 2791 doctrinae
1147 2725 1255 2791 colore
1275 2725 1391 2790 imbuti

224 2837 343 2913 essent,
370 2834 507 2900 iniectos
534 2858 603 2901 esse
624 2834 756 2899 Pindari
784 2833 929 2919 exemplo
957 2833 1134 2900 edocemur.
1176 2832 1262 2898 Tum
1289 2826 1415 2920 igitur'

158 2952 203 3001 201
226 2940 381 3024 quidquid
403 2965 441 3008 ex
462 2943 524 3007 hoc
546 2964 663 3029 genere
684 2941 811 3007 fabulae
833 2940 1022 3019 afferebant,
1047 2939 1246 3005 eruditorum
1267 2941 1390 3005 animos

223 3047 429 3114 vehementer
456 3049 601 3114 offendit:
634 3050 805 3132 praecipue
833 3052 942 3114 tamen
971 3047 1132 3112 Homerus
1159 3049 1192 3112 et
1219 3047 1390 3125 Hesiodus,

224 3155 280 3238 qui
308 3160 341 3220 et
366 3156 541 3240 plurimum
568 3155 602 3219 in
629 3155 798 3220 hominum
820 3177 874 3219 ore
896 3157 1099 3220 versarentur
1121 3175 1323 3238 quorumque
1344 3154 1391 3219 fa·

224 3262 319 3326 bulae
337 3285 403 3327 non
416 3263 560 3327 locorum
576 3262 777 3346 quorundam
791 3261 910 3326 finibus
924 3260 1066 3326 inclusae
1082 3265 1199 3344 essent,
1218 3262 1276 3326 sed
1289 3264 1392 3326 totam

227 3367 390 3433 Graeciam
421 3373 683 3455 pervagarentur,
719 3369 987 3453 philosophorum
1019 3367 1139 3434 invidia
1166 3368 1391 3454 flagraverunt

225 3472 309 3537 Tum
333 3474 547 3561 Xenophanes
573 3476 696 3541 exstitit
718 3475 998 3560 colophonius1¹⁷‚
1018 3469 1254 3561 Ὁμηραπάνης
1275 3467 1392 3539 ἐπικό-

225 3603 316 3664 πτης,
340 3583 395 3666 qui
410 3584 559 3649 adversus
574 3587 745 3667 utrumque
760 3586 889 3667 poetam
904 3581 1007 3646 multa
1021 3583 1149 3668 scripsit
1163 3604 1339 3667 eorumque
1355 3582 1392 3646 de

226 3687 274 3751 dis
296 3690 495 3755 narrationes
517 3690 658 3775 graviter
678 3689 895 3775 reprehendit:
1379 3688 1382 3695 ’

351 3791 461 3860 πάντα
483 3798 579 3872 θεοῖς
601 3788 771 3883 ἀνέθηκαν
784 3791 932 3881 Ὅμηρός
954 3788 990 3860 θ’
1011 3789 1171 3872 Ἡσίοδός
1191 3817 1236 3879 τε,

351 3899 435 3970 ὅσσα
456 3895 533 3986 παρ’
558 3897 791 3989 ἀνθρώποισιν
813 3895 943 3969 ὀνείδεα
964 3899 1023 3968 καὶ
1042 3900 1150 3988 ψόγος
1171 3896 1250 3983 ἐστι’,

350 4007 502 4077 κλέπτειν
522 4002 690 4092 μοιχεύειν
711 4006 822 4075 τεκαὶ
843 4001 1011 4095 ἀλλήλους
1032 4001 1221 4075 (λιτανεύειν.

294 4271 330 4311 ¹1⁷
349 4286 373 4323 v.
386 4267 457 4323 Paul
474 4267 509 4321 de
526 4266 594 4321 sillis
611 4266 706 4320 Graec.
719 4283 746 4335 p.
760 4270 867 4320 15-17.
893 4267 1010 4322 Brandis
1027 4269 1132 4336 quaest.
1145 4263 1232 4322 Eleat.
1245 4284 1272 4336 p.
1285 4270 1395 4320 67-70.

226 4353 335 4421 Jacobs,
353 4351 511 4423 Erziehung
528 4351 578 4407 der
594 4350 730 4407 Hellenen
747 4368 795 4406 zur
807 4349 986 4418 Sittlichkeit,
1003 4349 1396 4420 Verm.sehr'aen111p.ee.
