3008 4980
213 307 273 370 318
659 298 706 357 IV.
728 301 770 357 De
787 301 923 372 prosodia.

213 465 274 533 κὸν
300 463 338 531 τὸ
359 461 412 532 ότι
434 468 513 554 (leg.
536 464 555 532 ό
574 488 607 531 τι
629 491 701 534 cum
722 469 760 537 R.
780 466 1006 551 Schneidero>,
1036 460 1141 553 σαφές
1166 463 1290 528 ποιοῖν
1316 454 1375 526 κάκ

213 577 272 640 τοῦ
293 570 490 656 πνεύματος,
514 573 605 642 καθὸ
626 573 710 663 μέση
732 570 752 663 ἡ
776 577 901 643 δασεῖα.
923 577 962 641 de
985 575 1054 640 adv.
1069 579 1139 650 612,
1159 578 1197 640 12
1217 565 1272 636 ὅτι
1292 591 1377 651 πρω-

213 675 356 747 τότυπόν
377 677 447 747 εὀτι
468 685 533 746 τοῖν
554 675 601 760 είς
621 706 666 760 ως
687 676 851 769 ληγόντων
877 680 915 749 τὸ
939 677 1016 760 έως,
1046 679 1166 766 δῆλον,
1195 671 1234 743 ori
1256 673 1323 763 μὴν
1341 673 1376 742 τὸ

215 782 435 870 ἰσοδυναμοῦν
456 782 543 869 εῖσό,
569 788 661 855 καθὸ
684 787 741 855 καί
762 787 796 856 έν
816 785 901 877 τόνῳ
924 787 981 855 καὶ
1001 785 1036 854 έν
1056 781 1222 868 πνεόματι
1243 776 1379 850 ἐπιστά-

215 916 298 972 σεως
319 891 443 962 ἐδέετο·
473 893 508 960 έν
531 890 696 979 πνεύματι
715 893 775 980 μέν
797 888 870 976 οὖν,
904 892 950 974 ὡς
976 887 1138 961 οῖδόνατόν
1166 891 1236 959 ἐστι
1262 889 1322 978 τὴν
1348 887 1378 956 έν

216 996 381 1089 φωνήεντι
406 1002 542 1068 δασεῖαν
567 1000 624 1070 ε’πί
648 987 764 1082 τέλους
791 998 961 1089 εὑρέσθαι.
1010 1003 1056 1071 (if.
1082 1006 1164 1088 synt.
1191 1025 1223 1087 p.
1246 1005 1322 1080 333,
1345 1007 1379 1068 10

216 1105 396 1176 inextincto
423 1108 484 1195 μὰρ
511 1112 620 1194 (scin
642 1104 725 1196 είοό)
751 1107 771 1199 ἡ
799 1108 966 1198 πρόθεσις
991 1107 1028 1190 ἐξ
1053 1102 1164 1190 ὀξείας
1188 1101 1317 1184 τάσεως
1337 1098 1380 1183 τίς

216 1212 407 1302 παράθεσιν
436 1215 779 1307 παραλαμβανομένη,
815 1216 899 1305 ὅπερ
930 1209 1166 1303 παρεπόμενόν
1194 1213 1265 1282 ἐστι
1293 1209 1380 1301 πάσῃ

215 1322 392 1410 προθέσει·
418 1317 537 1407 μόριόν
558 1347 594 1390 τε
614 1324 651 1392 τὸ
675 1350 694 1393 ο
716 1320 854 1408 ὠξόνετο
874 1326 959 1411 μετὰ
981 1327 1041 1393 τοῦ
1062 1319 1215 1401 συνόντος
1235 1315 1381 1404 πνεύμα-

216 1456 282 1511 τος,
308 1423 328 1498 δ
344 1427 577 1516 παρεπόμενον
590 1424 632 1520 ἦν
646 1429 737 1523 πάσῃ
752 1431 839 1516 λέξει
854 1431 914 1503 οόκ
932 1428 1048 1521 έχοόσῃ
1063 1431 1129 1516 πρὸ
1146 1426 1250 1519 αὑτῆς
1271 1425 1380 1515 ἑτέραν

135 1548 205 1621 (³³7)
217 1537 313 1621 λέξιν.
344 1540 462 1607 Nonne
476 1541 555 1608 haec
569 1546 657 1608 certo
672 1546 832 1609 testantur
845 1544 879 1609 in
899 1565 972 1609 vere
995 1541 1183 1626 compositis
1202 1561 1272 1604 non
1293 1538 1382 1604 audi·

215 1654 285 1715 tum
310 1648 408 1715 fuisse
435 1651 604 1734 spiritum?
640 1649 759 1717 Nonne
787 1652 959 1717 clarissime
987 1651 1110 1716 dixerat
1130 1649 1164 1713 in
1187 1641 1277 1711 διότι
1298 1646 1326 1712 si
1347 1668 1383 1712 ex

216 1757 371 1843 particula
392 1750 445 1820 ότι
464 1756 585 1822 factum
607 1762 708 1839 esset,
729 1760 776 1824 ita
796 1763 834 1825 ut
853 1782 929 1825 vera
950 1757 1140 1843 compositio
1163 1757 1249 1821 esset
1271 1753 1332 1836 (uti
1350 1753 1382 1817 in

218 1863 448 1950 ἐπίπροσθεν),
469 1886 535 1929 non
558 1866 661 1930 audiri
683 1866 831 1932 debuisse
852 1867 1021 1952 spiritum?
1042 1865 1161 1934 sedin
1182 1861 1383 1947 appositione

216 1972 351 2056 requirit
373 1971 608 2056 aspirationem.
652 1972 696 2039 cf.
720 1975 758 2039 de
779 1975 849 2040 adv.
872 1979 946 2053 537,
969 1980 1018 2042 29.
1058 1972 1107 2037 De
1129 1965 1184 2036 διό
1204 1971 1278 2036 side
1301 1990 1381 2054 quae

217 2079 311 2163 plene
333 2101 406 2143 cum
425 2078 476 2143 his
499 2080 705 2146 consentiunt
726 2083 811 2166 apud
833 2081 933 2147 schol.
954 2081 1049 2147 Dion.
1071 2104 1101 2166 p.
1122 2085 1192 2159 967,
1212 2084 1264 2146 25.

216 2346 218 2348 -
300 2298 363 2377 §d
400 2295 537 2361 Deducti
560 2318 669 2362 sumus
689 2298 731 2363 od
751 2298 847 2364 huius
863 2295 1089 2383 disputationis
1111 2297 1208 2380 caput
1228 2294 1385 2360 ultimum.

220 2401 281 2468 Hic
295 2403 481 2470 nitebantur
494 2406 767 2489 pronuntiatione.
804 2405 1029 2492 Colligendum
1048 2403 1144 2481 enim,
1167 2402 1245 2487 quid
1266 2405 1387 2468 veteres

221 2511 388 2576 docuerint
414 2512 453 2578 de
481 2512 761 2598 interaspiratione
786 2513 820 2578 in
845 2512 1011 2579 vocabulis
1042 2511 1251 2596 simplicibus.
1300 2509 1388 2575 Bene

156 2630 205 2681 323
222 2618 342 2684 factum
357 2621 444 2704 quod
459 2620 799 2687 excellentissimorum
812 2621 1095 2707 grammaticorum
1110 2618 1236 2684 disertis
1250 2618 1300 2682 nti
1314 2617 1388 2682 licet

220 2727 421 2792 testimoniis.
465 2727 659 2813 Apollonius
683 2728 841 2814 Dyscolus
874 2733 954 2814 synt.
987 2750 1020 2813 p.
1050 2733 1125 2806 319,
1155 2734 1192 2795 19
1219 2718 1388 2810 πρόδηλον

221 2831 283 2917 γὰρ
297 2827 362 2898 κάκ
376 2836 435 2920 τῆς
449 2830 607 2922 συνούσης
626 2831 762 2913 δασείας
783 2830 829 2913 ὡς
850 2829 908 2916 οὐχ
929 2828 965 2900 ἓν
984 2830 1114 2899 ἁπλοῦν
1135 2828 1205 2897 ἐστι
1225 2831 1264 2896 τὸ
1288 2823 1387 2906 διότι,

221 2939 312 3005 καθὸ
328 2935 366 3006 οὐ
384 2938 647 3030 παρεμπίπτειὴ
672 2941 707 3008 ἑν
726 2945 797 3021 τοῖς
818 2942 965 3032 φωνήεσι
987 2942 1104 3007 δασεῖα
1124 2936 1159 3006 έν
1178 2935 1300 3022 μέσαις
1319 2940 1390 3014 ταῖς

222 3043 363 3128 λέξεσιν,
392 3044 487 3114 ἕνεκα
514 3054 572 3116 τοῦ
593 3045 746 3118 τοιοότου
772 3046 1044 3139 σεσημειωμένων
1069 3041 1115 3126 οῖς
1136 3041 1268 3132 άλόμων
1289 3039 1390 3112 όντων

222 3148 334 3241 tideo
356 3160 562 3245 Λακωνικῆς
587 3155 764 3224 διαλέκτου
789 3150 1098 3246 παρεισδεδυκότων
1125 3149 1172 3232 είς
1197 3152 1258 3231 τὰς
1286 3146 1391 3229 άλλας

223 3259 426 3343 διαλέκτους,
463 3260 546 3349 ὑπὲρ
578 3255 623 3331 ὧν
657 3263 692 3331 έν
723 3270 770 3353 τῷ
806 3265 883 3351 περὶ
917 3258 1112 3349 πνευμάτων
1147 3254 1389 3349 ἠκριβοίσαμεν.

224 3362 295 3434 ἀλλ’
325 3365 361 3437 οό
394 3366 489 3439 τοῦτό
518 3396 606 3461 φημι
631 3367 791 3460 αόταρκες
815 3368 902 3440 διότι
932 3366 1124 3440 συνεστάναι
1153 3367 1202 3435 ἐν’
1218 3361 1390 3457 διαφόρων

222 3482 330 3561 μεροῖν
344 3483 403 3544 τοῦ
417 3473 529 3564 λόγου,
553 3477 627 3546 ἐπεὶ
645 3474 740 3546 odon
756 3476 880 3548 ε’κοίλυε
899 3484 970 3559 τοῖς
989 3474 1268 3567 σεσημειωμένοις
1289 3471 1391 3560 ὅμοια

225 3579 308 3650 αὐτὰ
331 3583 579 3667 καθίστασθαι,
607 3592 655 3675 τῷ
677 3582 752 3654 εόοί
770 3591 843 3673 (hoo
866 3591 950 3657 enim
972 3593 1105 3656 accentu
1125 3610 1193 3654 non
1214 3574 1289 3651 εόοῖ
1306 3589 1391 3651 recte

225 3694 320 3759 scribi
336 3695 553 3764 demonstrare
571 3703 704 3765 conatus
726 3703 776 3764 est
788 3697 940 3785 Uhligius
960 3699 994 3763 in
1009 3697 1122 3763 Museo
1137 3695 1294 3761 Rhenauo
1308 3691 1390 3759 Nos.

225 3800 255 3868 S.
272 3801 346 3867 XIX
364 3828 393 3888 p.
408 3808 530 3890 372321‘),
550 3797 615 3871 εἷεν
636 3803 692 3870 καί
711 3799 761 3871 έτι
781 3809 826 3891 τῷ
846 3799 924 3889 παρ)
944 3798 1108 3882 Ἀττικοῖς
1129 3789 1226 3879 ταῶς.
1263 3800 1391 3879 Quaeri·

225 3913 278 3974 tur
298 3913 374 3994 quid
395 3915 437 3978 sit
458 3904 532 3979 εἶεν.
565 3914 756 3980 Putaveram
777 3907 865 3982 εόάν.
902 3913 968 3980 Sed
980 3913 1130 3998 Uhligius
1145 3910 1167 3975 l.
1184 3909 1206 3978 l.
1227 3932 1258 3994 p.
1274 3915 1314 3976 33
1337 3908 1390 3973 de-

228 4022 405 4085 monstrare
431 4027 566 4088 conatur
586 4012 651 4087 εῖὲν
672 4022 875 4088 scribendum
896 4044 977 4100 esse,
998 4022 1018 4088 i.
1041 4043 1068 4089 e.
1090 4023 1206 4084 notum
1226 4017 1308 4082 illud
1328 4006 1392 4080 εἶεν

229 4128 310 4191 esto!
337 4128 492 4194 namhoc
513 4130 610 4195 etiam
631 4131 664 4194 in
686 4129 917 4215 interaspiratis
943 4129 1027 4194 ferri.
1064 4126 1218 4211 Reliquas
1239 4125 1391 4191 dialectos

201 4438 203 4441 ι
296 4364 352 4406 2821>
371 4362 424 4433 (Of.
443 4361 562 4419 eundem
579 4363 609 4419 in
626 4362 796 4420 Fleckeiseni
813 4363 913 4422 Annal.
931 4363 1015 4420 cxxi
1036 4367 1100 4418 1880
1117 4379 1145 4431 p.
1164 4365 1212 4417 789
1230 4359 1304 4430 sqq.)
