3008 4980
586 333 610 383 1.
634 327 675 384 De
692 328 860 386 accentibus.
1242 332 1302 393 251

134 499 197 580 40).
229 534 270 544 -
296 495 347 562 Tu
368 496 450 562 illud
475 497 521 562 sic
546 496 632 584 lege:
661 493 699 562 τὸ
728 491 765 562 δὲ
792 487 895 563 θυίων
916 489 1002 560 ἔνιοι
1023 482 1302 577 περισπῶσιν,ίν’

133 600 279 694 όμοτονῇ
300 605 347 690 τῷ
367 606 480 688 θηρῶν
498 601 555 668 καί
575 607 692 668 κυνῶν·
714 597 735 691 ἦ
759 600 801 669 δὲ
822 597 1051 690 παράδοσις
1071 592 1304 684 βαρυτόνως.

135 708 240 790 οὕτως
268 707 304 776 δὲ
331 707 388 775 καί
418 704 436 776 ὃ
462 704 675 797 Ἀρίσταρχος
701 708 917 800 προφέρεται.
967 707 1118 795 Διοκλῆς
1142 702 1179 772 δὲ
1203 701 1304 772 καὶὸ

138 819 232 908 Θρᾷξ
249 815 429 896 Διονύσιος
447 814 815 903 καταγινώσκουσιν
836 811 957 884 αὐτοῦ
985 808 1036 894 ιός
1060 807 1305 900 βαρύνοντος

133 926 195 1014 τὴν
223 922 319 1007 λέξιν,
363 920 492 1003 Καίσιος
521 923 557 991 δὲ
588 928 646 1009 (sic
674 928 758 993 enim
779 927 899 1013 pergit)
928 917 1198 1008 ἀπολογούμενος
1220 915 1303 1004 ὑπὲρ

132 1037 194 1121 τῆς
220 1027 471 1120 βαρυτονήσειύς
496 1055 598 1122 φησιν
628 1030 681 1099 ότι
707 1032 749 1097 τὰ
774 1028 1026 1117 μονοσύλλαβα,
1058 1026 1138 1099 ὅταν
1163 1024 1224 1113 μὲν
1250 1023 1304 1115 disp

132 1141 195 1229 τὴν
216 1138 446 1229 πληθυντικὴν
467 1139 524 1207 ἐπί
544 1145 603 1229 τῆς
622 1136 814 1219 τελευταίας
835 1141 1001 1228 συλλαβῆς
1020 1136 1105 1224 μετὰ
1127 1131 1304 1225 συμφώνου

134 1246 327 1337 λεγομένην,
363 1244 495 1328 πάντως
527 1246 584 1314 καὶ
617 1247 703 1314 κατὰ
728 1247 788 1336 τὴν
815 1247 946 1337 γενικὴν
971 1250 1192 1334 νιερισπάται,
1232 1234 1304 1309 οἷον
1317 1246 1387 1317 (262)

134 1361 252 1445 θῆρες,
276 1349 383 1435 κύνες,
405 1360 514 1444 χῆνες,
537 1353 618 1424 όταν
639 1353 675 1422 δὲ
699 1350 769 1424 ἀπὸ
790 1352 979 1446 φωνήεντος
999 1348 1195 1441 ἀρχομένην,
1219 1344 1304 1416 πάν-

133 1489 199 1543 τως
219 1459 513 1552 βαρυτονουμένην,
538 1453 614 1530 οἷον
637 1467 754 1550 Τρῶες,
777 1464 895 1547 δμῶες,
917 1467 1022 1542 θῶες,
1047 1462 1133 1540 λάες.
1164 1454 1305 1526 ἀντίκει-

134 1598 192 1639 ται
211 1569 248 1638 δὲ
262 1565 351 1659 αὐτῷ
364 1569 403 1639 τό
418 1567 549 1636 παίδων
563 1570 620 1638 καί
634 1569 776 1642 πάντων.
812 1575 936 1658 Χαῖρις
956 1568 993 1637 δέ
1017 1590 1117 1658 φησιν
1138 1562 1198 1634 οάκ
1220 1558 1305 1633 εἶναι

135 1678 172 1746 ὲν
202 1672 418 1763 δισυλλάβοις
448 1673 629 1764 ἀναλογίαν
654 1683 682 1763 (Ρ
708 1677 760 1767 (ἐν
785 1683 856 1758 τοῖς
880 1676 1144 1764 μονοσυλλόβοις
1166 1677 1305 1743 Imbeck.

134 1791 268 1877 paralip.
290 1813 321 1874 p.
346 1788 442 1872 121».

218 1897 281 1963 Hic
310 1895 407 1960 etiam
426 1896 515 1962 vides
539 1896 617 1982 quid
637 1897 818 1983 complures
839 1897 945 1964 moliti
967 1897 1032 1963 sint
1052 1899 1090 1960 ut
1111 1916 1148 1958 ea
1170 1895 1211 1960 ad
1230 1917 1306 1960 nor-

133 2033 221 2076 mam
251 2003 492 2096 grammaticam
524 2005 754 2089 detorquerent
785 2028 867 2090 quae
898 2005 960 2070 sibi
995 2026 1072 2070 usus
1101 2024 1167 2067 non
1193 2024 1306 2087 passus

135 2114 185 2176 est
207 2111 297 2195 eripi.

218 2218 324 2284 Facile
351 2220 427 2285 hinc
453 2219 606 2286 iudicium
632 2222 670 2286 de
697 2212 868 2300 δυσείδων,
897 2211 1045 2297 ιύοίδων,
1075 2221 1194 2305 quippe
1220 2219 1306 2285 idem

134 2329 288 2393 futurum.

217 2434 376 2500 Theodos.
403 2458 514 2501 canon.
537 2435 638 2502 Bekk.
661 2437 721 2502 An.
744 2460 774 2522 p.
798 2445 888 2519 1006,
915 2444 955 2506 24
975 2434 1013 2502 τὸ
1037 2428 1194 2502 δυσάδων
1211 2427 1304 2519 Ἀρί-

134 2565 273 2626 σταρχος
293 2534 424 2626 ἀλόγως
445 2543 476 2625 (i.
500 2565 527 2609 e.
550 2547 662 2609 contra
684 2544 880 2631 analogiam)
902 2538 1056 2628 ἐβάρυνε,
1086 2540 1142 2609 καὶ
1162 2536 1305 2628 τριήρων

134 2647 221 2740 φασί
240 2673 327 2728 τινες
343 2644 513 2727 Ἀττικούς
532 2642 722 2734 βαρυτόνως
743 2649 860 2736 λέγειν.

218 2758 288 2837 Qua
318 2759 353 2823 in
377 2781 412 2824 re
437 2759 516 2824 mire
550 2759 725 2844 castigatur
755 2763 795 2827 ab
821 2761 1007 2827 Herodiano
1040 2761 1125 2846 apud
1150 2759 1304 2826 Ioannem

134 2869 224 2935 Alex.
252 2891 282 2953 p.
307 2873 344 2935 19
369 2863 407 2931 τὸ
436 2858 592 2932 δυσώδων
618 2865 676 2932 καί
701 2860 835 2933 εύιύδων
860 2870 908 2954 τῷ
934 2863 1022 2955 λόγῳ
1050 2864 1111 2950 μὲν
1137 2887 1305 2952 περισπα-

137 2970 339 3061 σθήσονται,
375 2970 458 3062 φασί
489 2971 526 3039 δὲ
549 2972 608 3040 τὸν
629 2968 842 3060 Ἀρίσταρχον
867 2971 988 3052 ταύτας
1014 2973 1071 3041 καὶ
1098 2971 1159 3052 τὰς
1185 2968 1306 3058 ὁμοίας

136 3077 302 3169 βαρύνειν,
325 3073 555 3166 ἀπατηθένια,
579 3079 624 3160 ὡς
639 3078 877 3170 ὁἩρωδιανός
893 3103 1004 3171 φησιν,
1029 3080 1066 3148 ἐκ
1086 3086 1146 3149 τοῦ
1168 3077 1305 3148 οἴεσθαι

136 3188 197 3268 τὰς
211 3186 350 3265 ἐντελεῖς
370 3186 502 3273 γενικὰς
522 3182 630 3254 αὐτῶν
651 3184 981 3277 προπαροξύνεσθαι,
1006 3185 1157 3258 εύιύδεων
1178 3185 1224 3270 ὡς
1243 3185 1305 3258 πό·

138 3297 232 3363 λεων.
277 3298 401 3373 κακῶς·
433 3291 533 3378 μόναι
565 3295 627 3385 γὰρ
659 3293 694 3364 ot
721 3292 791 3366 ἀπὸ
818 3302 884 3365 τιδν
910 3293 957 3376 εἰς
983 3324 1014 3378 ις
1040 3293 1244 3384 ὑπάρχουσιν
1271 3295 1305 3365 αλ

138 3403 479 3490 προπαροξυνόμεναι,
504 3399 646 3486 πόλεων,
670 3402 828 3492 μάντεων,
850 3404 907 3474 καὶ
929 3401 987 3474 δύο
1011 3402 1080 3476 ἀπὸ
1103 3411 1168 3472 τῶν
1189 3401 1237 3486 είς
1258 3432 1304 3487 υς,
1363 3404 1367 3411 ’

138 3511 321 3591 πελέκεων,
353 3507 497 3601 πήχυιον·
526 3510 559 3580 ai
588 3512 626 3580 δὲ
646 3513 766 3582 λοιπαὶ
790 3518 899 3582 πᾶσαι
919 3510 1098 3602 βαρύτονοι
1120 3507 1219 3582 ούσαι
1239 3515 1306 3603 πρὸ

137 3625 218 3705 μιᾶς
231 3615 341 3700 &iocor
362 3617 418 3688 τὸν
437 3617 543 3700 τόνον,
569 3618 614 3701 ὡς
634 3616 821 3707 πρόκειται.
859 3625 948 3704 Quae
970 3626 1191 3711 epitomatoris
1214 3627 1308 3712 culpa

139 3731 281 3798 colorem
301 3730 541 3796 Herodiaueum
569 3732 758 3798 amiserunt:
788 3733 844 3818 qui
866 3732 932 3812 hic,
957 3736 994 3797 ut
1018 3733 1139 3819 ubique
1165 3757 1239 3800 eum
1259 3735 1307 3800 fe-

139 3841 220 3906 cisse
241 3838 449 3922 inveniemus,
469 3839 574 3905 lenius
597 3845 630 3906 et
649 3841 828 3906 modestius
848 3863 929 3926 quae
952 3844 1064 3906 contra
1084 3841 1306 3908 Aristarchum

138 3947 274 4034 proferri
300 3950 446 4031 possent,
477 3952 642 4032 posuerat,
670 3949 801 4014 minime
824 3949 993 4016 immemor
1014 3972 1124 4015 eorum
1146 3972 1227 4033 quae
1247 3972 1306 4035 pro

139 4077 178 4120 eo
204 4054 357 4120 valerent.
400 4052 469 4120 Imo
499 4055 717 4141 disputatione
746 4056 879 4142 ancipiti
905 4056 1054 4122 absoluta
1074 4056 1109 4120 in
1129 4056 1307 4128 Aristarchi

137 4167 245 4247 partes
268 4161 450 4228 discessisse
470 4163 641 4247 putandus.
682 4163 801 4230 Confer
821 4164 932 4243 modo,
960 4164 1123 4249 quomodo
1144 4163 1224 4229 haec
1244 4164 1307 4227 Ar·

139 4271 247 4336 cadius
278 4272 427 4354 excerpta
454 4271 589 4350 dederit,
618 4296 650 4357 p.
680 4275 752 4339 136:
787 4269 824 4337 τὸ
859 4266 895 4336 δὲ
923 4265 1081 4336 δυσώδων
1108 4267 1308 4354 παραλόγως

138 4374 315 4464 ἐβαρύνθη.
349 4373 463 4443 καὶτὸ
485 4375 625 4465 τριήρων
647 4372 679 4443 ολ
699 4375 760 4460 μὲν
780 4373 995 4465 βαρύνουσιν,
1018 4372 1050 4444 ολ
1072 4375 1109 4444 δὲ
1131 4379 1302 4462 περισπῶ-
1322 4388 1370 4441 255
