3008 4980
226 307 285 369 132
310 302 347 358 H.
376 301 418 357 De
433 302 611 359 Aristarchea
627 305 827 360 vocabulorum
842 304 1053 362 Homerioornnr
1067 305 1316 378 interpretatione.

222 460 416 551 (ἀνέκδοτος
436 471 521 556 apud
543 473 693 557 Apollou.
715 473 737 537 l.
759 473 800 541 H.
825 498 850 541 s.
877 469 1077 558 παρθένιος)
1099 476 1136 540 iu
1156 475 1266 542 lucem
1288 475 1391 541 aditus

222 576 274 657 sit,
291 571 425 655 σκότιος
446 581 534 664 quod
550 584 675 647 secreto
693 583 866 647 concubitu
874 583 912 647 ⁷⁶.

639 945 776 1029 Μῆνις
795 946 829 1008 et
847 937 968 1024 χόλος

622 1097 801 1180 pransae
821 1096 977 1162 άίτατιέυν.

300 1256 332 1316 Δ
346 1262 406 1322 513
422 1250 460 1321 οὐ
479 1256 548 1339 μάν
569 1251 642 1323 οὐδ’
656 1254 814 1341 Ἀχιλεύς,
842 1257 983 1338 Θέτιδος
1002 1261 1085 1337 παῖς
1103 1248 1285 1343 ἠϋκόμοιο,
1308 1252 1390 1343 μάρ-

219 1383 332 1439 ναται,
361 1355 433 1427 ἀλλ’
458 1361 516 1430 ἐπὶ
542 1365 634 1454 νηυσὶ
658 1362 760 1447 χόλον
779 1364 958 1454 θυμαλγέα
978 1364 1113 1435 πέσσειτ
1141 1359 1174 1452 (ἡ
1198 1364 1319 1452 διπλῇ)
1340 1361 1388 1433 ότι

218 1461 414 1557 ἀντιφράξει
427 1469 486 1540 τὸν
500 1467 603 1554 χόλον
623 1478 664 1565 τῇ
684 1470 801 1563 μήνιδι
823 1472 881 1540 έπί
899 1478 960 1543 τοῦ
982 1469 1087 1540 αάτοά
1107 1464 1303 1558 προσώπου.
1337 1472 1388 1538 In·

218 1577 291 1642 nuit
309 1581 410 1664 μῆνιν
433 1572 526 1647 ilerde
538 1621 588 1648 -.
609 1583 694 1649 Item
708 1587 810 1665 1260,
830 1585 887 1649 ubi
901 1582 1011 1650 Ulixes
1026 1584 1068 1648 ad
1081 1580 1257 1647 Achillem:
1278 1573 1385 1658 παύε’,

135 1684 207 1756 (138)
219 1677 258 1747 ἔα
280 1680 317 1749 δὲ
335 1679 437 1765 χόλον
457 1686 650 1776 θυμαλγέα·
679 1687 733 1756 σοί
755 1684 788 1755 d’
808 1684 1024 1775 Ἀγαμέμνων
1050 1683 1129 1769 άξια
1155 1687 1249 1775 δῶρα
1270 1683 1388 1754 δίδωσι

217 1788 460 1880 μεταλλάξαντι
472 1791 608 1876 χόλοιοε
630 1794 684 1864 ότι
700 1791 897 1887 ἀντιφράξει
909 1800 951 1888 τῇ
963 1792 1081 1884 μήνιόι
1094 1794 1152 1873 τὸν
1163 1788 1275 1876 χόλον.
1307 1802 1339 1860 Τ
1350 1802 1387 1864 67

285 1997 310 2038 7⁰
331 1996 485 2051 Aristarchi
507 1999 713 2055 observationes
742 1999 938 2055 tantummodo
960 1998 1030 2053 duos
1051 1997 1127 2053 locos
1147 1995 1263 2052 Homeri
1284 1999 1388 2068 specta

136 2082 207 2153 (137)
219 2079 296 2133 baut.
325 2080 455 2136 Ceterum
466 2082 618 2138 rectissime
631 2083 661 2138 in
674 2084 717 2138 his
733 2084 848 2139 vocibus
864 2085 902 2138 ad
918 2085 1032 2153 etymon
1047 2082 1094 2137 hio
1110 2081 1225 2136 minimo
1243 2082 1388 2137 obscurum

218 2163 344 2220 recurrit.
374 2166 489 2236 Propria
501 2171 531 2223 et
542 2168 644 2238 origini
656 2167 752 2223 debita
762 2169 841 2223 notio
852 2168 985 2234 miranda,
1001 2167 1076 2222 unde
1096 2166 1119 2221 si
1137 2165 1265 2222 universe
1281 2169 1389 2237 spectes

217 2248 299 2303 facile
317 2253 359 2304 est
376 2250 533 2321 intelligere
551 2269 608 2307 nou
626 2270 736 2324 semper
756 2255 939 2324 παρθενίους
961 2270 1019 2308 esse
1040 2253 1192 2318 σκοτίους,
1213 2250 1261 2306 vel
1282 2253 1388 2306 contra.

217 2332 382 2402 Παρθένιοι
395 2335 464 2390 dicti
476 2336 590 2391 Tarenti
609 2338 708 2404 coloni,
724 2337 873 2393 iuvenibus
886 2336 956 2402 nati,
973 2354 1042 2407 quos
1058 2336 1197 2391 iusserant
1205 2334 1389 2391 Iacadaemo

216 2416 258 2470 nii
276 2418 472 2489 συγγενέσθαι
489 2429 554 2484 ταῖς
570 2420 733 2491 παρθένοις
751 2415 1021 2487 άπάσαιςάπαντας
1031 2423 1067 2491 (v.
1078 2423 1165 2476 Marx.
1177 2416 1282 2490 Ephor.
1293 2418 1389 2490 init).

216 2500 253 2554 Hi
271 2495 385 2559 σκότιοι
403 2522 461 2560 non
477 2509 565 2560 erant.
595 2505 677 2561 Vocis
690 2506 791 2576 origini
802 2506 825 2561 si
836 2506 971 2570 inhaeres,
988 2504 1058 2560 illud
1070 2504 1253 2576 Euripideum
1270 2502 1388 2574 explica

216 2585 300 2650 bitur,
319 2589 396 2657 quod
413 2590 574 2645 Hermanno
592 2590 739 2647 offensioni
755 2592 817 2657 fuit,
836 2591 938 2647 Alcest.
957 2595 1006 2646 996

562 2678 612 2732 καί
629 2680 710 2733 θεῶν
728 2669 842 2733 σκότιοι

383 2763 525 2830 φθίνουσι
542 2763 645 2826 παῖδας
662 2757 696 2817 έν
712 2755 841 2836 θανάτῳ.

216 2838 276 2896 Ηοο
293 2841 355 2898 loco
367 2844 548 2901 vehementer
565 2844 709 2915 displicuit
719 2846 879 2901 Hermanno
898 2844 1030 2912 „deorum
1046 2840 1154 2914 spurios
1170 2840 1258 2897 filios‘
1274 2859 1293 2896 s
1304 2844 1389 2912 poeta

218 2929 435 2996 commemorari,
455 2946 542 2998 quare
554 2924 668 2986 σκότιοι
680 2931 718 2985 ad
729 2933 869 3002 φθίνουσι
880 2929 956 2985 trahi
973 2928 1059 2994 iubet,
1077 2931 1110 2983 ut
1120 2925 1323 2997 intelligantur,
1342 2926 1389 2996 qui

217 3011 254 3064 ad
272 3011 336 3067 Orci
352 3015 483 3069 tenebras
500 3015 612 3070 abeunt.
652 3014 791 3083 Equidem
808 3014 907 3070 dubito
924 3031 961 3068 an
982 3014 1018 3067 ab
1036 3011 1210 3068 auditoribus
1227 3004 1345 3067 σκότιοι
1361 3013 1390 3066 et

218 3098 321 3160 παῖδες
340 3115 397 3152 uua
414 3098 593 3154 audientibus
610 3098 681 3153 haec
698 3100 729 3152 in
747 3099 831 3153 aliam
848 3097 1017 3155 sententiam
1034 3095 1124 3167 accipi
1140 3093 1286 3166 potuerint
1302 3111 1388 3164 quarn

218 3196 273 3248 quo
285 3180 368 3236 hodie
380 3182 502 3252 primum
510 3182 668 3251 legentibus
679 3184 837 3253 propendet
850 3184 966 3238 animus.
994 3182 1094 3251 Neque
1104 3197 1170 3237 vero
1181 3196 1226 3234 res
1238 3178 1388 3235 invenusta

217 3267 268 3330 est,
286 3266 369 3321 modo
393 3283 429 3322 ue
446 3270 539 3322 vertas
557 3268 688 3333 „deorum
705 3267 813 3337 spurios
830 3267 929 3331 filios,“
952 3268 1001 3322 sed
1019 3264 1211 3333 „clandestino
1228 3280 1323 3319 amore
1339 3280 1387 3335 go·

216 3347 320 3403 nitos“:
338 3354 371 3406 ut
388 3352 518 3406 vocabuli
529 3350 697 3422 primigenia
713 3351 791 3406 notio
810 3354 942 3408 teneatur
952 3354 985 3406 ut
997 3350 1073 3406 alibi.
1102 3349 1139 3405 ut
1149 3349 1183 3405 cf.
1195 3347 1277 3405 Phot
1288 3365 1316 3418 p.
1328 3353 1387 3410 630,

218 3437 247 3486 11
260 3427 318 3489 ὑπὸ
335 3429 434 3511 σκότῳ
452 3435 485 3492 db
503 3430 648 3507 γεγονός·
666 3429 794 3502 σκότιος,
814 3426 890 3507 όιιερ
908 3434 972 3492 έστί
984 3437 1136 3507 λαθραίας.
1157 3433 1213 3488 Sed
1222 3431 1387 3503 Apollonius

216 3515 328 3571 videtur
345 3519 425 3587 mihi,
448 3521 525 3589 quod
541 3520 692 3575 Homerum
713 3537 800 3591 prave
817 3519 1007 3586 intellexerat,
1030 3517 1099 3574 falso
1116 3519 1202 3586 atquo
1219 3517 1318 3588 inepte
1334 3518 1388 3572 hoc

153 3598 200 3649 133
218 3603 354 3658 vocabulo
372 3623 437 3660 usus
454 3622 521 3662 esse.
550 3605 652 3660 Narrat
668 3605 822 3676 Hypsipyle
845 3607 946 3677 (1810)
967 3605 1060 3660 Iasoni
1084 3602 1198 3659 maritos
1214 3602 1251 3657 sb
1268 3601 1387 3657 Thracis

217 3687 394 3755 expeditione
415 3690 531 3745 reduces
553 3689 674 3760 expulsis
695 3689 828 3745 uxoribus
850 3690 975 3760 captivas
996 3688 1118 3759 virgines
1134 3704 1228 3743 secum
1244 3685 1385 3742 habuisset

384 3773 521 3844 σχέτλιοι.
550 3795 567 3844 η
583 3773 637 3843 μὲν
654 3769 744 3847 δηρόν
761 3774 928 3845 ἐτέτλαμεν,
947 3769 980 3831 εί
991 3776 1027 3830 κέ
1043 3764 1109 3829 ποτ’
1127 3763 1209 3838 αὖτις

385 3851 442 3928 ὀψὲ
457 3855 686 3929 μεταστρέψωσι
703 3851 787 3914 νόον·
804 3851 840 3914 τὸ
857 3858 890 3915 dt
908 3851 1030 3915 διπλόον
1048 3854 1107 3914 αίεί

383 3953 464 4013 πημα
481 3942 574 3998 κακὸν
591 3937 776 4013 προέβαινεν.
805 3943 985 4012 ἀτιμάζοντο
1004 3939 1144 3999 δέτέκνα

381 4027 474 4096 γνήσι’
494 4021 539 4082 ένί
554 4020 703 4098 μεγάροις,
722 4029 846 4098 σκοτίη
865 4020 894 4082 δ’
911 4028 1048 4084 successe
1064 4024 1222 4096 γενέθλη.

216 4107 269 4162 Hic
291 4109 417 4177 profecto
439 4127 496 4164 non
519 4110 626 4166 celatur
647 4111 818 4167 concubitus.
853 4111 920 4178 Sed,
941 4114 975 4166 ut
996 4110 1066 4178 dixi,
1090 4108 1237 4165 Homerico
1260 4109 1385 4181 exemplo

217 4193 317 4247 abusus
335 4195 384 4259 est,
402 4211 420 4248 a
437 4211 492 4263 quo
510 4195 622 4265 putavit
640 4193 778 4260 σκοτίους
795 4195 851 4251 dici
872 4196 1032 4265 quicunque
1049 4213 1107 4250 nou
1123 4194 1196 4250 iusto
1209 4194 1278 4250 editi
1296 4197 1385 4250 essent

217 4277 400 4341 matrimonio.
431 4279 472 4334 De
485 4278 672 4335 Callimacheo
689 4280 758 4343 sobe
774 4280 854 4353 αὐτῷ
874 4286 1013 4344 σκοτίους
1029 4273 1224 4350 έμνιελάτειρα
1238 4280 1326 4336 τέκεν
1342 4278 1383 4350 (ir.

219 4362 323 4433 chx)
340 4362 458 4419 iudicari
474 4364 585 4434 nequit:
602 4365 651 4419 sed
668 4364 779 4418 videtur
795 4367 871 4419 recte
890 4364 995 4420 dictum
1013 4364 1109 4418 fuisse:
1133 4363 1220 4431 ,clam
1236 4367 1345 4421 uxore.⁸
