3008 4980
323 349 347 400 ³.
372 346 457 414 μῆνις
474 344 503 398 et
518 336 613 412 χόλος.
644 335 731 398 ένδον
747 345 777 398 ελ
795 347 875 413 otoo,
892 344 971 400 κεῖθι
989 346 1018 398 et
1035 350 1125 400 κεῖσε.
1250 352 1308 415 133

137 512 280 578 Achilles
308 513 377 597 ipse
405 512 444 578 de
473 534 561 579 sese:
593 513 647 575 νῦν
674 503 706 574 δ’
729 503 808 596 ἤτοι
831 506 893 593 μέν
920 508 984 595 ἐγώ
1006 506 1104 577 παόω
1124 502 1244 591 χόλονε
1274 507 1305 598 (ἡ

138 618 256 706 διπλῆ)
279 615 333 685 ὅτι
354 613 583 708 ἀντιπέφρακε
608 620 647 709 τῇ
672 610 791 704 μηνιδι
811 616 869 684 τὸν
888 613 998 698 χόλον.
1037 619 1100 703 (Of.
1120 643 1196 686 mox
1216 643 1245 685 v.
1263 628 1307 692 ,75

138 717 184 804 όδς
204 720 330 815 ἔφαθ’·
353 721 386 792 οῖ
408 719 439 792 δ’
464 721 627 812 ἐχάρησαν
646 718 842 812 ἐϋκνήμιδες
859 719 1001 806 Ἀχαιοί,
1024 729 1125 813 μῆνιν
1147 719 1308 792 ἀπειπόν-

136 858 194 912 τος
213 830 412 918 μεγαθύμου
437 827 648 919 Πηλείωνος.)
683 837 722 898 Π
741 838 781 902 30
802 833 972 902 Patroclus
994 836 1035 900 ad
1054 836 1162 901 illum:
1180 831 1226 920 μὴ
1251 830 1310 917 ε’μὲ

138 945 216 1028 γοῦν
234 931 332 1021 οὗτός
352 963 389 1027 γε
410 936 511 1026 λόβοι
530 932 641 1021 χόλος,
667 930 705 1006 δν
725 937 764 1005 σὺ
788 935 986 1029 φυλάσσεις·
1014 936 1048 1028 (ἡ
1072 942 1191 1028 διπλη)
1214 937 1307 1008 ότιό

134 1043 236 1131 χόλος
257 1044 549 1138 ἀντιμετείληπται
573 1043 615 1126 ὡς
637 1041 846 1131 ἰσοδυναμοῦν
866 1050 906 1138 τῇ
926 1044 1054 1135 μηνιδι.
1094 1049 1141 1118 Ib.
1163 1057 1204 1118 62
1224 1047 1310 1135 πρὸς

135 1155 175 1225 τὸ
189 1151 370 1246 μηνιθμόν,
393 1152 474 1245 (ὅτι)
486 1149 713 1242 παραλλήλοις
732 1150 846 1235 τέταχε
866 1158 913 1242 τῷ
931 1148 1032 1243 χόλῳ.
1069 1157 1132 1237 Qui
1151 1158 1242 1224 loeus
1264 1159 1309 1225 sio

136 1267 249 1333 hebet:
270 1258 344 1332 οὐδ’
362 1258 429 1352 ἀρα
443 1287 516 1343 ποις
529 1254 572 1352 ἦν
593 1255 754 1347 ἀσπερχὲς
774 1263 989 1344 κεχολῶσθαι
1010 1261 1059 1329 ένὶ
1080 1259 1209 1352 φρεσίν·
1231 1258 1309 1351 ἤτοι

136 1369 221 1462 έφην
242 1395 278 1457 χε
300 1366 338 1439 οδ
360 1369 439 1459 πρὶν
459 1367 631 1460 μηνιθμὸν
651 1367 914 1457 καταπαυσέμεν.
953 1372 1047 1449 Unde
1069 1377 1185 1458 sponte
1207 1397 1309 1440 emer-

137 1483 181 1548 sit
200 1503 275 1548 vero
296 1481 467 1568 explicatio
493 1482 521 1545 O
545 1485 603 1548 122
625 1473 711 1544 ἔνθα
737 1472 765 1544 κ’
790 1474 839 1546 έιι
863 1475 985 1563 μείζων
1005 1503 1041 1545 τε
1061 1478 1119 1545 καὶ
1139 1473 1309 1565 ἀρχαλειό-

136 1612 230 1676 τερος
250 1581 354 1667 ἀλλος
371 1584 439 1673 πὰρ
453 1584 540 1664 Διὸς
560 1580 765 1652 ἀθανάτοισι
782 1584 883 1668 χόλος
904 1585 961 1653 καὶ
980 1591 1077 1676 μῆνις
1096 1583 1235 1674 ε’τόχθηε
1256 1584 1309 1654 ότι

136 1694 174 1763 ἐκ
198 1689 419 1783 παραλλήλου
450 1689 498 1772 ὥς
527 1688 791 1777 ἰσοδυναμοῦντα
820 1692 878 1759 τὸν
904 1689 1006 1775 χόλον
1032 1693 1089 1763 καί
1112 1693 1174 1782 τὴν
1199 1698 1307 1783 μῆνιν.

137 1806 276 1873 Gauium
300 1805 403 1892 igitur
428 1827 469 1872 ne
504 1803 576 1889 quis
610 1803 766 1870 eiusmodi
794 1805 873 1869 loeis
907 1827 940 1871 ευ
969 1805 1075 1890 ipsum
1100 1805 1153 1872 vel
1178 1809 1308 1890 poetam

136 1914 293 1980 cruciaret
319 1912 498 1980 differentia
527 1912 739 1978 extundenda.
789 1910 913 1979 Sumsit
939 1913 1015 1978 hino
1040 1913 1234 1998 Apollonius
1260 1912 1308 1978 HI

134 2027 196 2090 337
219 2013 292 2085 οὐδ’
315 2015 496 2101 ὑπαλύξειν
516 2021 648 2083 στεῦται
666 2013 876 2100 ἀμειλίκτοιο
897 2017 983 2097 Διὸς
1008 2015 1186 2103 θυμαλγέα
1206 2022 1307 2105 μῆνιν

134 2126 192 2195 καὶ
210 2122 320 2208 χόλον.
357 2128 422 2198 Sed
441 2129 541 2195 falsus
562 2127 626 2194 fuit
648 2128 682 2193 in
705 2128 911 2212 etymologia.
945 2129 1098 2213 Apollon.
1120 2129 1182 2195 lex.
1200 2152 1231 2214 p.
1246 2135 1306 2197 550

133 2238 253 2322 μῆνιςε
274 2231 293 2304 ὁ
313 2232 374 2320 μέν
391 2228 519 2300 Ἀπίων
540 2227 645 2322 μάνης
664 2231 843 2318 (1.μανιά)·
865 2229 899 2300 οἱ
920 2232 982 2319 γὰρ
1004 2227 1214 2318 όργιζόμενσό
1234 2259 1308 2314 πως

133 2338 318 2428 μαίνονται,
356 2336 568 2428 Ἀρίσταρχος
594 2338 632 2408 δέ
651 2337 749 2420 κότος
769 2337 1003 2428 πολυχρόνιος,
1030 2337 1099 2408 ἀπὸ
1121 2346 1180 2408 τοῦ
1200 2339 1306 2427 έχκεῖ-
1325 2359 1372 2409 134

135 2455 231 2517 σθαι.
270 2452 413 2539 Scripsit,
434 2452 468 2518 ni
489 2452 601 2530 fallor,
629 2443 699 2517 ἀπὸ
723 2453 783 2515 τοῦ
809 2447 980 2534 ἐπιμένειν
999 2443 1103 2541 ἤμουν
1124 2444 1308 2533 έχκεῖσθαιζ

134 2560 227 2628 Eunt.
240 2584 271 2648 p.
287 2567 315 2643 8,
331 2568 369 2630 14
385 2555 439 2627 ότι
451 2563 552 2647 μῆνις
564 2556 649 2624 κατὰ
664 2556 742 2634 τοὺς
755 2556 924 2637 παλαιοὺς
943 2553 964 2645 η
989 2555 1192 2642 ἐπιμένουσα
1213 2549 1307 2643 ἀρχή.

605 2797 837 2807 -—--·——---

386 2987 523 3061 ’Ἐνδον
544 2997 578 3060 ελ
599 2985 709 3070 ε’ίσω,
733 2993 845 3056 κεῖθι
868 2995 901 3058 εδ
921 2993 1042 3071 κεῖσε,

134 3150 209 3213 item
230 3146 297 3213 αλῦσ
317 3145 467 3212 adverbio
488 3170 569 3232 ηαοε
588 3157 705 3210 motum
726 3158 755 3209 et
775 3157 894 3208 εισδινινι
912 3143 1091 3231 είητιιχῖυαπλ
1112 3145 1152 3208 αδ
1172 3146 1308 3211 Homero

561 3279 622 3320 πονι
643 3265 879 3319 commutantur.

224 3446 244 3508 η
267 3429 305 3490 13
326 3416 350 3507 ἥ
371 3413 403 3487 οἳ
424 3421 490 3504 πῦρ
512 3412 647 3486 ἀνέκαιε
668 3416 726 3486 καὶ
746 3410 825 3484 εἴσω
849 3409 976 3504 δόρπον
998 3411 1151 3500 έκόσμειε
1173 3418 1230 3484 διὰ
1251 3417 1312 3507 τὴν

141 3527 312 3619 διαφορὰν
331 3529 391 3593 τοῦ
411 3521 489 3593 εἴσω
511 3525 598 3613 πρὸς
616 3525 655 3595 τὸ
677 3522 773 3594 ἔνδον
795 3531 851 3611 (so.
874 3521 894 3613 ἡ
919 3525 1048 3612 διπλη).
1082 3530 1122 3592 Λ
1140 3535 1200 3598 528
1223 3521 1311 3593 ἀλλά

141 3635 200 3703 καὶ
218 3630 316 3724 ἡμεῖς
329 3631 408 3702 κεῖδ
424 3636 550 3714 ἵππους
566 3658 602 3702 τε
624 3633 681 3702 καὶ
699 3629 774 3721 ἅρμ’
791 3629 963 3719 ὶθόνσμεν,
986 3629 1073 3700 ἔνθα
1093 3629 1240 3718 μάλιστα
1255 3662 1312 3704 -.·

141 3740 174 3832 (ἡ
200 3743 318 3831 διπλῆ)
339 3739 391 3809 ὅτι
403 3738 590 3831 Ζηνόδοτος
609 3737 733 3833 γράφει
752 3736 866 3823 υκεῖθ’
890 3742 1053 3821 ἵππουςίῑ·
1074 3737 1199 3829 γίνεται
1218 3742 1255 3811 δὲ
1276 3743 1311 3812 έν
1323 3761 1394 3835 (139)

141 3848 256 3939 ἐκείνῳ
277 3856 325 3939 τῷ
344 3844 452 3938 τόπηι·
472 3849 511 3918 τὸ
535 3849 572 3918 δέ
592 3849 698 3918 ἐκεῖσε
719 3846 767 3930 εἰς
788 3848 913 3918 ἐκεῖνον
932 3848 991 3918 τὸν
1010 3843 1126 3938 τόπον,
1150 3844 1170 3919 δ
1192 3851 1232 3940 δὴ
1256 3859 1313 3919 νῦν

142 3955 290 4047 ἁρμόζει.
327 3963 370 4024 Μ
384 3967 444 4029 348
463 3953 492 4025 ελ
508 3957 545 4025 δέ
560 3982 641 4048 σφιν
655 3958 713 4026 καὶ
725 3962 820 4027 κεῖθι
841 3954 946 4037 πόνος
966 3956 1023 4025 καὶ
1043 3962 1150 4038 νεῖκος
1171 3954 1312 4046 όρωρενε

141 4064 175 4158 (ἡ
194 4070 312 4157 διπλῆ)
334 4065 387 4138 ότι
402 4063 591 4158 Ζηνόδοτος
611 4063 735 4156 γράφει
756 4063 812 4149 ,,ελ
834 4064 872 4135 δέ
888 4089 968 4158 σφιν
989 4062 1161 4134 κάκεῖσε“’
1183 4064 1253 4134 έστι
1276 4068 1312 4135 δὲ

142 4172 217 4244 ἀντὶ
241 4181 300 4243 τοῦ
327 4174 443 4257 οῦτως·
479 4173 516 4243 δὲ
542 4170 572 4242 εὶ
598 4170 645 4255 εἰς
671 4174 796 4245 ἐκεῖνον
821 4175 878 4243 τὸν
901 4170 1008 4244 τόπου
1035 4169 1185 4260 πόλεμός
1213 4174 1311 4263 ἐστιν,

141 4279 216 4352 ἀλλ’
240 4284 275 4353 έν
296 4281 419 4373 ἐκείνῳ.
454 4287 620 4352 Bekkerns
641 4310 700 4372 pro
724 4283 761 4351 δέ
782 4287 1016 4353 emendandum
1039 4309 1107 4353 osse
1130 4287 1311 4371 suspicatus

143 4399 194 4462 σεῦ
208 4387 247 4461 οδ
270 4394 322 4461 δεῖ
342 4390 389 4474 δέ,
412 4398 508 4475 reete,
529 4397 567 4460 ut
588 4394 711 4480 opinor.
745 4394 883 4479 Reliqua
904 4397 954 4478 (uh
967 4394 1129 4480 intelliges
1153 4416 1192 4459 ex
1214 4392 1312 4460 schol.
