3008 4980
219 367 280 429 352
518 361 550 416 V.
574 360 616 415 De
634 358 737 416 criticis
754 359 906 417 Aristarchi
924 360 1087 418 rationibus.

219 548 316 610 quam
337 549 402 591 non
424 528 540 607 omnia,
561 530 595 593 in
617 530 735 613 quibus
757 529 959 595 Aristonicus
981 528 1083 594 utitur
1103 526 1260 593 vocabulo
1281 520 1370 612 Ζηνό-

219 632 315 710 δοτος
342 629 479 721 ἐποίησε
504 637 556 702 vel
576 633 779 726 μετέγραφε,
811 637 1003 703 coniecturis
1025 634 1143 702 similia
1164 639 1256 716 sunt,
1279 638 1370 700 tamen

217 745 251 806 at
279 746 430 808 constans
455 747 599 809 veterum
624 745 904 829 grammaticorum
935 745 1056 830 opinio,
1084 766 1148 828 qua
1176 744 1248 827 ipsa
1274 742 1371 807 ductus

217 849 418 915 Aristonicus
443 852 599 917 nonnulla
627 854 696 918 eius
724 854 926 918 coniecturae
952 852 1066 917 tribuit
1092 872 1175 935 quae
1202 849 1371 916 Zenodotao

217 959 361 1041 tempore
383 959 417 1022 in
444 958 536 1024 libris
560 959 758 1043 ferebantur,
791 963 824 1025 et
850 959 1015 1045 complura
1041 958 1222 1024 certissima
1245 956 1373 1041 exemplu

218 1085 284 1128 non
310 1065 421 1130 sinunt
441 1089 501 1132 nos
525 1068 670 1133 dubitare
693 1069 771 1152 quin
793 1067 871 1132 satis
895 1067 997 1132 libere
1018 1067 1052 1130 in
1075 1065 1286 1151 scriptoribus
1302 1068 1372 1129 trae

217 1172 323 1237 taudis
350 1179 494 1239 versatus
521 1175 563 1241 sit
588 1175 845 1259 coniecturisque
870 1173 1048 1240 indulserit.
1095 1171 1160 1239 Sed
1185 1173 1326 1257 primum
1344 1193 1373 1236 ex

219 1301 283 1345 uno
300 1280 440 1347 alterove
455 1282 605 1348 calidiore
628 1283 738 1348 critico
759 1304 824 1347 non
846 1282 923 1348 licet
944 1283 982 1347 de
1005 1280 1108 1346 solitis
1129 1280 1268 1346 istorum
1288 1280 1375 1345 ratio·

153 1400 202 1451 ³58
220 1388 316 1453 nibus
331 1390 547 1454 coniecturam
560 1391 731 1456 facere²⁵²:
754 1389 868 1455 deinde
883 1431 923 1439 —
938 1388 1026 1474 quod
1046 1388 1099 1452 hio
1120 1388 1227 1473 magis
1241 1390 1376 1474 spectan-

220 1496 295 1560 dum
320 1534 361 1543 —-
388 1497 475 1580 quod
496 1497 530 1561 in
552 1496 719 1564 Zenodoto
745 1497 867 1562 factum
886 1498 1031 1562 videmus
1052 1496 1114 1561 hoc
1136 1499 1377 1560 consentaneum

219 1606 269 1668 est
289 1603 359 1668 fieri
379 1605 437 1669 ubi
464 1605 604 1689 primum
631 1629 682 1672 ars
708 1605 818 1671 critica
838 1605 981 1670 nascitur
1006 1607 1043 1669 ut
1068 1603 1237 1688 aliquanto
1258 1602 1378 1667 liberior

219 1711 273 1776 sit:
295 1712 383 1796 quod
399 1713 477 1777 item
498 1714 609 1798 primis
630 1718 706 1798 post
726 1717 853 1778 renatas
874 1713 909 1777 in
929 1711 1023 1776 Italia
1042 1711 1169 1776 litteras
1189 1710 1378 1795 temporibus

219 1820 334 1885 evcnit.
371 1818 501 1886 Scilicet
514 1821 654 1905 primum
674 1825 743 1886 turn
766 1821 912 1886 elaborat
934 1824 972 1885 nt
993 1819 1175 1904 scriptores,
1196 1840 1280 1902 qnos
1296 1816 1380 1902 pauci

218 1949 292 1992 mss.
321 1931 488 2012 corruptos
515 1929 679 2010 exhibent,
708 1930 776 1994 siue
803 1950 927 1993 summa
953 1926 1130 1992 offensione
1154 1925 1222 2011 legi
1251 1924 1379 2010 possint

209 2033 335 2117 partim
348 2034 536 2119 imperfecta
555 2059 604 2100 ars
626 2035 728 2101 multa
749 2058 816 2101 non
836 2035 991 2120 iutelligit
1004 2033 1183 2114 inscientia,
1206 2055 1290 2117 quae
1303 2031 1381 2097 tollit

120 2166 126 2177 .
217 2142 359 2225 nequid
384 2142 585 2228 relinquatur
611 2143 699 2228 qnod
726 2144 901 2209 absurdum
923 2164 993 2208 esse
1013 2145 1117 2228 putat.
1160 2139 1225 2207 Sed
1251 2141 1381 2226 gliscen-

216 2248 305 2313 tibus
331 2250 457 2331 studiis‚
488 2252 651 2316 codicibus
685 2251 833 2336 pluribus
863 2250 999 2335 paratis,
1035 2270 1143 2314 rernm
1169 2248 1382 2332 sermonisque

217 2357 351 2421 scientia
371 2357 510 2442 vulgata,
533 2363 601 2424 arte
615 2358 848 2442 interpretandi
868 2357 1003 2438 exculta,
1024 2357 1135 2422 multis
1150 2355 1382 2423 obscurioribus

217 2464 297 2530 locis
318 2486 377 2549 per
400 2464 560 2531 variorum
588 2467 766 2532 tentamina
793 2465 924 2532 tandem
947 2464 1095 2542 reclusis,
1117 2465 1153 2529 iu
1179 2463 1334 2529 arctiores
1353 2483 1383 2527 se

217 2573 297 2637 fines
324 2574 499 2654 contrahit,
527 2578 559 2639 et
585 2596 649 2659 quo
677 2575 780 2661 magis
806 2574 902 2659 primi
927 2573 1074 2659 magistri
1099 2574 1326 2657 peccaverunt,
1350 2591 1383 2634 eo

216 2681 321 2767 magis
342 2683 406 2746 iarn
436 2682 507 2766 ipso
528 2683 769 2748 contradicendi
791 2682 898 2747 studio
920 2682 961 2746 ad
982 2682 1089 2747 fontes
1111 2702 1188 2746 suos
1211 2678 1383 2746 revertitur.

216 2786 293 2852 Fuit
305 2789 519 2854 Anacreontis
537 2789 628 2855 locus
648 2790 804 2855 eiusmodi
826 2781 956 2873 ἀγανῶς
971 2778 1028 2853 οἷά
1041 2810 1077 2852 οε
1092 2785 1209 2872 νεβρὸν
1223 2780 1384 2873 νεοθηλέα

217 2893 411 2982 γαλαθηνὸν
446 2886 484 2973 ὃς
518 2893 553 2962 dv
587 2893 666 2984 ὕλης
698 2892 875 2984 κεροέσσης
907 2889 1136 2985 ἀπολειφθεὶς
1166 2890 1233 2963 ὑπὸ
1267 2891 1385 2979 ματρὸς

218 2996 384 3091 ἐπτοήθη.
423 3006 472 3070 Dc
493 3006 555 3071 hoo
577 3006 730 3071 traditum
751 3029 771 3072 a
791 3005 891 3072 schol.
913 3005 1005 3073 Pind.
1029 3005 1078 3071 01.
1092 3003 1139 3071 ΠΙ
1162 3011 1202 3072 52
1225 3003 1382 3090 (Didymo)

135 3116 206 3188 (375)
219 3106 408 3198 Ζηνόδοτος
433 3109 651 3201 μετεποίηοεν
677 3110 849 3200 ἐροέοοης,
874 3111 991 3179 διὰτὸ
1013 3109 1224 3199 ἱστορεῖσθαι
1243 3110 1305 3190 τὰς
1325 3115 1384 3196 θη-

218 3216 310 3298 λείας
330 3218 452 3309 κέρατα
472 3220 519 3308 μὴ
542 3215 627 3301 &aar
649 3215 737 3286 ἀλλὰ
761 3219 839 3298 τοὺς
865 3214 1011 3307 deorsus.
1051 3222 1167 3288 Pulcra
1193 3222 1383 3294 coniectura

218 3330 269 3393 cui
284 3330 311 3394 si
326 3331 398 3414 quis
419 3331 501 3396 nihil
516 3335 695 3416 opponeret
716 3354 813 3416 quam
833 3332 920 3416 quod
938 3330 1035 3397 hodie
1055 3329 1204 3395 Bentleio
1227 3348 1383 3414 opponere

218 3437 324 3502 solent
346 3430 395 3516 „d
409 3435 592 3522 γέγραπται
608 3436 816 3524 γέγραπεακ“
835 3463 895 3505 nae
910 3441 1009 3504 istum
1024 3439 1112 3522 quod
1128 3439 1209 3503 item
1223 3437 1263 3502 de
1278 3436 1383 3523 pleris-

218 3567 280 3630 que
307 3569 379 3612 cum
408 3546 556 3613 Bentleio
590 3547 829 3633 disputantibus
853 3548 957 3613 adhuc
986 3545 1116 3629 quidem
1144 3545 1315 3611 dicendum
1340 3546 1383 3609 est

217 3674 283 3717 non
310 3655 444 3741 dignum
470 3656 612 3721 dicemus
638 3657 672 3721 in
699 3661 766 3722 arte
801 3655 911 3721 critica
943 3655 999 3740 qui
1026 3654 1186 3720 Zenodoti
1219 3653 1410 3738 corrigiam.

218 3760 330 3827 solvat.
383 3762 447 3828 Sed
475 3763 602 3829 fortiter
629 3764 756 3829 obstitit
783 3765 813 3829 ei
838 3763 1071 3848 Aristophanes
1100 3761 1255 3848 exemplis
1286 3757 1381 3825 allatis

217 3873 386 3953 poetarum
414 3872 627 3956 complurium
651 3895 761 3939 cervae
791 3894 912 3937 cornua
937 3870 1163 3950 tribuentium,
1191 3868 1263 3936 Ael
1285 3868 1317 3934 h.
1337 3886 1380 3931 an.

218 3974 281 4042 vu
302 3983 351 4046 ao.
388 3977 461 4045 sa.
484 3961 577 4048 eina.
600 3980 650 4048 oi.
673 3980 720 4046 m
739 3987 788 4048 ss.

283 4180 323 4223 252
339 4180 399 4235 Hoc
411 4180 441 4233 in
452 4180 651 4250 posterioribus
669 4198 781 4250 quoqne
799 4180 940 4236 aetatibus
958 4177 1145 4235 diiudicandis
1162 4194 1199 4232 ne
1217 4174 1377 4233 obliviscare.

219 4264 333 4331 Quintil.
353 4266 392 4319 IX
408 4271 437 4329 4,
457 4269 489 4320 39
507 4264 666 4331 „Quaedam
688 4265 719 4319 in
741 4265 884 4320 veteribus
905 4265 984 4319 libris
1005 4265 1118 4334 reperta
1140 4265 1249 4317 mutare
1266 4255 1379 4333 imperiti

218 4351 308 4406 solent
325 4353 354 4406 ct
373 4352 439 4405 dnm
462 4348 639 4406 librariorum
660 4351 792 4406 insectari
813 4350 913 4405 volunt
932 4348 1072 4404 inscitiam
1092 4364 1172 4402 suam
1194 4346 1377 4403 confitentur.“

219 4435 288 4490 Tam
306 4453 400 4491 severe
418 4434 546 4490 iudicant
563 4436 598 4491 de
616 4435 848 4492 coniectantibus,
