3008 4980
211 305 272 370 264
660 291 708 346 IV.
731 290 773 345 De
789 287 927 359 prosodia.

216 461 340 545 Τέττιξ,
364 455 520 549 Μύρμηξ,
540 453 649 543 Ἱέραξ
667 458 948 544 (comprehendam
962 476 1027 523 una
1040 456 1266 543 polysyllaba)‚
1291 451 1377 522 Τίτο-

212 596 279 659 ρος,
293 566 445 658 Ἔριφος,
462 562 645 654 Βάτραχος,
661 564 825 650 Δύμαλις,
850 557 1035 652 Κόττυφος,
1050 556 1263 648 ’Ἀνθρωπος
1279 564 1377 647 (Eust.

213 689 283 764 847,
303 689 353 749 40.
375 679 485 761 Suidr,
506 678 584 742 item
607 669 748 760 Βότρος,
773 669 906 762 Δάφνη,
927 666 1119 750 Ὑάκινθος,
1142 667 1327 760 Στέφανος,
1349 676 1380 739 et

213 783 350 873 Βούτης,
364 783 475 871 Ἕρση,
502 777 625 866 Θώραξ
642 784 745 865 (Pind.
767 783 860 867 Pyth.
882 781 966 848 Χ64
987 781 1103 865 (100)),
1124 781 1256 866 Δῆμος,
1270 775 1379 862 Ἥρως

214 896 344 978 (Euseb.
373 894 447 960 hist.
475 891 550 958 eccl.
578 890 696 959 11136.
718 889 852 973 Nau),
879 882 1008 965 Κόννος
1036 888 1131 971 (Plat.
1157 888 1287 956 Menex.
1312 892 1377 971 §d

214 1005 253 1069 cf.
280 1004 382 1068 Kocn.
407 1001 538 1084 Gregor.
564 1024 594 1085 p.
618 1003 705 1081 291),
735 990 902 1081 Κοίρανος
927 995 976 1078 (ll.
999 996 1028 1058 E
1049 1002 1120 1065 677.
1143 998 1176 1058 Ρ
1193 998 1285 1079 611),
1319 989 1379 1060 Τύ-

214 1134 332 1195 ραννος
360 1108 523 1193 (Apollod.
553 1106 585 1171 ΙΙ
611 1114 643 1184 4,
671 1114 698 1172 5.
743 1105 861 1171 Euseb.
888 1105 920 1171 h.
948 1104 1023 1169 eccl.
1051 1101 1114 1168 VII
1139 1107 1208 1186 32),
1237 1099 1380 1192 Νεφέλη.

213 1220 303 1285 Haec
318 1221 350 1283 et
371 1215 473 1281 multa
494 1214 612 1279 similia
632 1236 727 1279 nemo
749 1214 842 1278 aliter
863 1211 981 1292 scribit,
1002 1210 1147 1295 quamvis
1168 1215 1203 1279 ct
1222 1212 1322 1277 hodie
1342 1212 1380 1277 ad

213 1326 343 1412 propria
363 1345 421 1408 per
442 1325 608 1388 accentum
627 1320 855 1405 distinguenda
876 1319 1107 1405 promptissimi
1130 1319 1204 1385 sint
1238 1319 1379 1399 Causam,

215 1434 302 1518 quod
322 1431 529 1507 meminerim,
550 1450 644 1494 nemo
667 1428 755 1493 dixit.
797 1426 928 1493 Scilicet
952 1427 1086 1493 inclinat
1114 1449 1219 1493 sermo
1243 1426 1379 1494 Graecus

214 1543 247 1606 in
273 1542 336 1606 hoc
365 1541 405 1604 ad
425 1536 653 1603 retrahendum
677 1538 857 1615 accentum,
883 1557 949 1600 nou
975 1535 1110 1599 inclinat
1131 1536 1172 1600 ad
1190 1557 1378 1619 promoven-

215 1651 300 1714 dum.
335 1647 380 1712 Et
394 1645 630 1712 substantivum
646 1643 782 1727 quidem,
801 1643 836 1706 in
856 1642 916 1706 viri
936 1642 1114 1707 feminaeve
1134 1664 1257 1709 nomen
1279 1647 1380 1709 traus-

214 1756 401 1831 formatum,
429 1753 462 1816 in
492 1773 556 1835 quo
586 1751 683 1815 finem
708 1772 818 1815 versus
846 1753 995 1815 accentus
1020 1754 1190 1834 promotus
1216 1751 1275 1829 sit,
1306 1751 1380 1816 mihi

215 1863 340 1928 nullum
369 1863 497 1945 praesto
530 1862 579 1925 est
605 1860 731 1942 praeter
751 1879 861 1922 unum.
903 1856 1023 1922 Herod.
1044 1858 1158 1925 Arcad
1184 1866 1260 1936 115,
1283 1865 1323 1926 24
1341 1855 1380 1922 τὰ

216 1963 263 2046 εἰς
280 1991 321 2055 χη
342 1961 457 2046 ἔχοντα
485 1958 568 2030 diddo
588 1956 766 2052 σύμφωνον
787 1961 872 2028 κατὰ
894 1959 1058 2053 σύλληψιν
1079 1957 1103 2051 ἢ
1125 1956 1303 2030 διάστασιν
1322 1968 1382 2049 βα-

215 2069 362 2162 ρύνεται,
391 2067 514 2160 βύκχη,
547 2065 662 2158 κόγχη,
692 2067 805 2159 λέσχη,
833 2066 941 2160 λόγχη.
982 2070 1019 2138 τὸ
1047 2069 1084 2137 δὲ
1109 2067 1231 2160 Λοχχή
1260 2069 1380 2157 κύριον.

214 2182 254 2249 τό
282 2180 320 2249 δὲ
345 2175 429 2268 ἀρχή
459 2174 620 2260 ὀξύνεται.
665 2180 760 2258 Quod
793 2180 871 2247 satis
902 2181 1010 2247 mirari
1040 2203 1107 2246 non
1139 2204 1283 2266 possum.
1326 2181 1381 2248 Illo

216 2293 363 2374 „nomine
384 2283 505 2376 κορίῳ“
525 2292 577 2370 (ne
592 2311 705 2354 navem
723 2289 826 2355 dicam
842 2311 939 2373 quam
952 2288 998 2353 ita
1019 2289 1221 2354 nominatam
1234 2290 1270 2355 in
1285 2289 1383 2356 classe

217 2398 408 2465 Atheniensi
432 2396 610 2463 enumerari
630 2398 775 2480 monent)
803 2396 890 2461 canis
911 2396 992 2461 illud
1019 2417 1137 2462 nomen
1166 2399 1252 2481 apud
1278 2396 1383 2463 Xeno·

216 2509 372 2594 phontem
387 2526 500 2591 eyneg.
516 2512 579 2583 7,5
602 2505 643 2568 ab
665 2527 703 2570 eo
725 2504 942 2590 significatum
964 2526 1032 2569 esse
1053 2505 1114 2569 erit
1136 2505 1226 2589 quod
1248 2504 1383 2582 dubites,

216 2617 294 2682 item
314 2620 352 2681 ut
372 2638 403 2699 p.
429 2620 496 2690 105,
521 2621 535 2679 1
559 2634 632 2677 cum
653 2613 747 2678 docet
769 2605 890 2697 πληγή,
914 2606 1008 2697 σιγή,
1027 2604 1165 2697 κραυγή,
1188 2606 1329 2699 Κραύχη
1350 2606 1385 2676 δὲ

216 2720 254 2787 τὸ
277 2716 398 2804 κύριον.
437 2719 522 2785 Nam
548 2719 673 2802 Grauge
700 2720 797 2784 etiam
822 2719 857 2783 in
886 2718 951 2782 illis
979 2741 1093 2784 canum
1119 2720 1309 2786 nominibus
1330 2723 1385 2786 est

218 2831 314 2916 Apud
333 2829 580 2914 Xenophontem
603 2828 732 2911 quidem
759 2831 792 2891 et
812 2823 949 2913 Κραογη
970 2827 1119 2892 scribitur
1139 2830 1174 2892 et
1192 2820 1326 2914 Λόχχηε
1350 2831 1386 2892 ut

219 2939 326 3005 omnia
354 2937 418 3002 illie
444 2936 557 3001 eodem
583 2938 716 3001 accentu
743 2939 839 3021 atque
865 2934 1070 3018 appellativa:
1098 2939 1134 3000 ut
1160 2957 1244 3019 quae
1265 2937 1385 3022 primae

219 3043 441 3112 declinationis
456 3046 532 3107 sunt
545 3041 683 3120 afferam,
701 3035 818 3128 Ὁρμή,
835 3036 989 3128 Σπουδη,
1011 3034 1126 3128 Ἀλκή,
1147 3037 1252 3128 Ψυχή,
1272 3036 1386 3129 Ὀρχη,

218 3147 335 3239 Αἱχμη
351 3152 461 3218 eadem
477 3148 648 3214 celeritatis
663 3150 812 3235 imagine,
831 3147 965 3236 Φρονρά
978 3189 1018 3197 -
1033 3174 1074 3216 an
1089 3144 1154 3214 Βία
1170 3151 1270 3217 etiarn
1284 3152 1386 3218 dicam

220 3266 252 3326 et
268 3254 386 3342 Xdpol?
399 3296 439 3305 -
455 3280 537 3341 quae
556 3256 673 3334 omnia,
695 3260 732 3321 ut
753 3281 827 3324 mox
849 3259 1035 3338 videbimus,
1056 3281 1160 3343 aequo
1182 3258 1291 3324 animo
1313 3259 1387 3325 feri·

219 3391 305 3450 mus,
336 3388 395 3431 nee
426 3369 534 3429 tamen
563 3363 694 3453 Κραὺγη
726 3366 821 3431 nimis
851 3367 1039 3431 miraremur
1063 3387 1118 3430 -:
1153 3366 1209 3431 sed
1234 3370 1272 3430 ut
1296 3366 1387 3432 valde

219 3475 407 3540 miraremur
435 3474 462 3538 si
488 3474 641 3560 scriptum
668 3477 753 3540 esset
779 3474 866 3558 quod
891 3474 970 3538 item
994 3474 1062 3539 illic
1088 3473 1175 3538 canis
1196 3495 1318 3539 nomen
1339 3477 1388 3539 est

65 3630 68 3635 .
155 3589 203 3641 268
218 3575 336 3665 Ῥώμη,
355 3581 417 3646 hoc
438 3582 538 3666 igltur
559 3581 586 3645 si
608 3583 763 3666 scriptum
785 3585 870 3647 esset
880 3575 1000 3666 Ῥωμή,
1022 3581 1067 3647 sic
1081 3574 1201 3666 Λοχχη
1221 3582 1388 3667 proprium

138 3696 210 3766 (277)
222 3689 317 3754 nobis
337 3689 388 3767 „in
409 3689 712 3754 insolubilibus“¹⁷⁷.
755 3688 991 3769 Ptolemaeum,
1018 3710 1090 3753 cum
1110 3679 1261 3769 Σκομνός
1280 3685 1387 3773 requi·

219 3801 312 3874 reret,
332 3796 418 3861 idem
434 3796 637 3862 Herodianus
652 3819 718 3862 non
737 3797 947 3882 probavitssss.
984 3796 1047 3863 Sed
1068 3796 1102 3860 in
1115 3794 1306 3861 Ptolemaeo
1327 3795 1387 3861 hoo

287 4022 325 4063 ¹⁷⁷
343 4019 377 4075 In
394 4018 448 4075 illis
465 4021 582 4076 canibus
599 4022 645 4076 vel
662 4021 832 4076 adiectivum
844 4018 977 4093 Στεῤῥός
994 4021 1033 4075 sic
1050 4019 1181 4075 scribitur
1197 4018 1228 4074 in
1244 4023 1326 4076 textu
1337 4020 1387 4075 Xe·

221 4106 388 4177 nopbonteo.
405 4137 440 4145 —
457 4105 530 4161 Plut.
549 4106 627 4162 Thes.
645 4111 661 4161 9
680 4107 697 4176 ὴ
715 4104 748 4161 δὲ
765 4107 965 4176 Κρομμυωνία
985 4111 1047 4170 σῦς,
1071 4096 1104 4175 ἣν
1121 4102 1218 4160 Φαιὰν
1237 4099 1388 4177 προσωνό-

223 4193 329 4260 μαζονε
348 4190 423 4259 quod
441 4208 490 4244 cur
508 4192 603 4246 Φαῖαν
620 4189 756 4245 scribatur
773 4189 803 4244 in
820 4189 960 4245 Thesauro
977 4189 1078 4246 nescio.

288 4276 326 4317 1⁷⁸
343 4274 444 4330 Similis
457 4293 531 4331 error
542 4274 630 4331 latere
647 4274 759 4329 videtur
775 4274 806 4329 in
822 4273 856 4330 iis
873 4292 944 4346 quae
956 4273 988 4332 n.
1000 4274 1037 4329 M.
1051 4280 1100 4332 601
1116 4272 1249 4345 legrmtur
1266 4274 1302 4332 de
1319 4279 1387 4347 τηῖς,

222 4365 252 4416 et
267 4363 411 4432 praetcrea
428 4358 505 4416 alius.
