3008 4980
226 333 285 396 158
315 323 352 383 Π.
374 324 416 380 De
437 325 612 382 Aristarchea
629 325 827 382 vocabulorum
843 325 1053 382 Homerieorum
1070 324 1315 398 interpretatione.
1400 410 1405 421 ¹

221 493 302 559 haec
327 516 422 560 causa
449 495 529 559 mihi
556 516 622 559 non
649 495 795 560 sufficere
816 494 961 560 videatur
980 495 1021 559 ad
1040 494 1253 560 reiiciendum
1273 493 1335 578 Op.
1354 501 1389 560 44

221 596 358 686 ῥηῖἀίως
371 593 432 685 χάρ
447 625 503 666 κεν
516 598 573 666 καὶ
587 593 639 665 ἐπ’
656 594 760 690 ἤματι
774 593 965 684 ἐργάσσαιο,
988 597 1072 666 ὥστε
1086 596 1125 666 σέ
1139 594 1167 666 κΦ
1183 594 1234 679 εἷς
1248 597 1389 667 ἐνιαυτὸν

220 701 304 788 ἔχειν
326 707 383 774 καὶ
405 701 525 792 ἀεργὸν
546 703 653 788 ἐόντα,
678 711 766 796 quod
780 707 944 776 Thiersch„
965 709 1051 778 fecit.
1072 707 1191 794 Hymn.
1212 708 1321 795 Apoll.
1335 714 1387 777 530

304 808 378 883 oilae
398 811 604 905 τρυγηφόρος
624 813 685 904 η’ὃε
705 810 733 902 χ)
757 809 934 904 ἐπήρατος,
959 809 1025 881 οὔτ’
1049 808 1211 898 εὐλείμων

303 918 377 989 ὥστ’
402 914 471 989 ἀπό
493 917 519 989 τ’
543 916 580 990 εά
603 918 697 1004 ζώειν
717 922 775 991 καὶ
797 917 852 1007 ἀμ’
877 918 1111 1007 ἀνθρώποισιν
1132 915 1323 1010 ennoean.

222 1030 292 1108 Qua
320 1033 488 1099 occasione
516 1036 590 1099 utar
616 1034 657 1099 ad
684 1034 766 1101 alius
792 1033 968 1119 particulae
988 1054 1083 1099 usum
1104 1031 1315 1098 Homericum
1335 1055 1386 1098 no·

220 1141 367 1220 tandum,
395 1141 429 1205 in
450 1162 513 1225 quo
536 1140 697 1207 Hesiodus
723 1143 789 1207 iarn
813 1142 854 1207 ab
881 1164 920 1207 eo
941 1142 1082 1208 recessit
1126 1136 1286 1221 ἐξαῦτις
1310 1141 1386 1226 apud

220 1246 397 1313 Homerum
425 1271 551 1333 semper
571 1249 733 1335 significat
754 1250 898 1330 ,‚denuo“
920 1254 953 1316 et
975 1251 1120 1335 ponitur,
1148 1248 1207 1315 ubi
1236 1249 1309 1334 quis
1328 1248 1386 1314 col·

219 1355 356 1439 loquens
378 1356 534 1441 lacrymis,
557 1356 788 1423 lamentatione
810 1358 876 1423 sive
897 1358 1008 1424 aliare
1023 1356 1198 1444 impeditus
1213 1356 1386 1423 orationem

219 1461 432 1548 interrumpit,
453 1468 523 1529 tum
544 1487 619 1530 vero
642 1466 793 1532 restituto
816 1464 980 1550 colloquio
1004 1466 1108 1531 dicere
1128 1466 1239 1552 pergIt
1259 1466 1311 1547 (A
1323 1469 1385 1533 223.

183 1559 186 1569 '
220 1566 330 1636 0234.
359 1593 386 1632 π
410 1577 476 1638 193.
504 1580 612 1641 τ214.
642 1579 760 1660 φ206.
789 1596 816 1637 ω
838 1576 927 1656 350),
957 1571 1010 1638 vel
1046 1573 1074 1637 si
1102 1572 1175 1656 quis
1202 1573 1238 1638 in
1266 1572 1385 1639 actione

220 1676 285 1741 sive
312 1700 350 1742 ea
376 1699 477 1744 coena
502 1679 565 1744 fuit
586 1678 620 1761 (d
640 1683 714 1762 213)
740 1680 806 1745 sive
831 1701 942 1767 pugna
963 1681 1007 1762 (Ε
1028 1685 1096 1748 134.
1130 1684 1166 1743 Ν
1185 1686 1246 1748 531
1258 1682 1297 1747 ⁹².
1319 1682 1385 1762 642)

220 1783 285 1848 sive
312 1784 375 1848 alia
397 1807 606 1871 quaecunque
628 1789 655 1870 (ι
677 1793 746 1855 537.
774 1810 791 1852 ε
813 1795 882 1856 419.
912 1812 935 1870 μ
960 1789 1031 1870 122)
1053 1788 1237 1854 intermissa
1259 1787 1386 1852 eandem

218 1891 345 1974 repetit.
385 1891 449 1959 Sed
470 1894 632 1960 Hesiodus
657 1917 715 1981 pro
739 1884 782 1959 αά
803 1900 837 1962 et
859 1885 959 1972 αάτις.
998 1894 1123 1981 Theog.
1142 1900 1204 1962 654
1225 1882 1273 1972 ἀλς
1294 1887 1385 1983 polae,

219 1994 276 2062 τὸν
298 1990 330 2061 d’
355 1995 484 2078 ἐξαῦτις
505 1995 661 2084 ἀμείβετο
677 1998 805 2080 Κόττος
827 1994 975 2085 ἀμύμων.
1012 2007 1072 2070 659
1090 1994 1243 2092 ἀψοῤῥον
1264 1997 1385 2081 ἒξαῧτις

300 2101 475 2192 ἠλύθομεν
501 2110 695 2190 ‚‚rediimus“.
739 2117 799 2178 915
828 2102 1052 2196 Μνημοσύνης
1077 2101 1109 2174 δ’
1137 2105 1269 2190 ἐξαῦτις
1293 2100 1385 2194 ἀρόσ-

220 2237 301 2280 σατο
324 2215 543 2301 καλλικόμοιο
564 2240 679 2303 „porro
694 2239 804 2283 amore
818 2223 931 2304 captus
953 2222 1003 2284 est
1015 2216 1275 2303 Mnemosynae“.
1309 2217 1385 2284 Item

154 2341 202 2392 159
219 2326 423 2409 posteriores,
445 2349 471 2392 e.
486 2348 517 2411 g.
532 2325 678 2392 Rhianus
694 2347 745 2411 ap.
767 2327 833 2395 sch.
848 2325 1000 2411 Apollon.
1020 2324 1067 2391 III
1085 2332 1163 2394 1090
1179 2328 1223 2412 (p.
1238 2330 1279 2394 37
1294 2325 1384 2409 saal.)

216 2427 387 2521 Πυρραλην
411 2430 494 2500 ποτὲ
520 2427 581 2521 τη’ν
607 2455 644 2518 χε
665 2428 887 2520 παλαιότεροι
906 2429 1087 2500 καλέεσκον
1107 2429 1242 2521 Πόῤῥης
1260 2436 1384 2499 Δευκα-

218 2536 338 2621 λίωνος
351 2535 409 2607 ἀπ’
427 2534 565 2628 ἀρχαίης
581 2534 734 2628 ἀλόχοιο·
754 2535 926 2628 Αἱμονίην
949 2535 981 2606 d'
998 2538 1128 2622 ἐξαῦτις
1149 2533 1209 2630 ἀφ’
1225 2541 1384 2625 Αἵμονος.

219 2650 299 2736 Opp.
324 2650 398 2717 Hal.
421 2653 451 2714 E
470 2658 538 2720 592.
579 2650 689 2728 Quint.
718 2652 842 2720 Θ510.
873 2689 908 2699 -
938 2650 988 2716 De
1013 2649 1175 2718 Hesiodeo
1202 2643 1301 2730 τάχα
1325 2651 1385 2716 iam

217 2759 297 2825 fines
318 2758 509 2825 Homericae
537 2759 686 2825 dictionis
715 2780 844 2844 egresso
868 2759 928 2843 Op.
952 2767 1011 2827 401
1033 2759 1099 2824 iarn
1120 2763 1217 2824 antea
1235 2757 1384 2826 monendi

217 2869 342 2933 occasio
365 2871 434 2933 erat
454 2889 484 2952 p.
507 2873 575 2936 103.
602 2905 642 2915 -
667 2867 732 2932 Diu
755 2867 996 2933 observaveram
1018 2865 1210 2952 particulam
1231 2859 1285 2944 ὡς
1305 2866 1385 2952 apud

134 2989 205 3060 (162)
217 2974 395 3041 Homerum
409 2997 575 3059 nunquam
594 2975 773 3060 significare
792 2975 826 3040 id
848 2975 934 3058 quod
955 2975 1041 3059 apud
1055 2975 1182 3040 Atticos
1205 2975 1386 3061 saepissime

217 3083 389 3167 significat:
410 3087 528 3166 „nam“.
567 3082 780 3149 Conturbavit
792 3106 844 3148 me
859 3082 1027 3167 paululum
1041 3080 1199 3150 Nitzschii
1221 3082 1386 3149 annotatio

217 3191 256 3255 ad
272 3190 331 3257 Od.
346 3193 369 3273 β
385 3194 452 3257 137.
489 3188 594 3266 Quare
609 3190 757 3275 relegens
772 3190 951 3256 Homerum
966 3191 1070 3256 denuo
1089 3190 1264 3275 diligenter
1285 3194 1386 3256 atten-

217 3298 345 3365 debam:
378 3297 435 3363 sed
461 3318 535 3362 vera
561 3297 742 3362 observatio
770 3301 846 3362 erat.
898 3298 960 3376 Qui
985 3298 1049 3363 loci
1070 3296 1237 3364 Nitzsohio
1262 3299 1387 3365 dubita·

216 3405 339 3470 tionem
361 3407 539 3472 iniecerunt
559 3404 653 3470 facile
675 3405 709 3469 in
732 3405 877 3471 ordinem
899 3409 1069 3492 coguntur,
1089 3406 1186 3471 modo
1211 3410 1324 3473 teneas
1345 3394 1388 3482 ἀς

108 3524 113 3535 ’
217 3503 255 3575 οὐ
286 3514 371 3598 apud
400 3517 531 3599 poetam
559 3534 629 3578 esse
653 3514 797 3593 „tantum
826 3513 918 3578 abest
945 3517 1012 3593 ut“‚
1039 3513 1136 3593 „adeo
1161 3516 1258 3578 non“:
1295 3512 1388 3582 093.

217 3619 330 3689 λ427.
358 3627 441 3690 134.
470 3644 496 3684 ω
519 3625 566 3689 93.
592 3642 612 3699 χ
634 3625 702 3688 319.
735 3620 781 3685 Et
801 3618 937 3687 fortasse
963 3623 1067 3703 0233
1087 3623 1117 3704 (ε
1141 3624 1200 3705 11).
1236 3621 1388 3687 Attamen

218 3731 268 3794 est
293 3729 390 3795 etiam
416 3728 472 3794 ubi
498 3719 544 3805 ὥς
575 3719 635 3794 οὐκ
661 3732 747 3794 1οοοε
781 3728 843 3794 dici
869 3729 981 3814 possit.
1030 3728 1117 3814 Lege
1144 3728 1241 3794 modo
1267 3739 1300 3818 ψ
1331 3732 1387 3796 135

216 3840 338 3915 „vestes
361 3841 489 3903 ornatas
512 3838 644 3918 induite,

282 4065 308 4106 υ
325 4063 409 4134 Apud
427 4061 554 4132 Aponon.
572 4062 586 4116 1
603 4066 652 4117 erc
670 4078 721 4132 pro
740 4050 816 4116 ὥστε
833 4061 887 4131 reg.
907 4052 946 4125 ὣς
963 4059 1008 4126 ιι,
1026 4064 1059 4116 uc
1075 4066 1134 4117 aaa.
1154 4064 1211 4115 910.
1231 4064 1306 4117 1101.
1333 4057 1388 4114 Sal

214 4164 279 4204 usus
297 4151 339 4204 est
356 4149 381 4201 Π
400 4153 465 4204 1220
485 4139 628 4219 οὔτεγὰρ
647 4135 698 4201 ὧδ’
710 4137 797 4216 ἀλκῆς
813 4137 1001 4213 ἐπιδευόμεθ’
1019 4135 1095 4200 diove
1110 4146 1245 4216 χερείους
1265 4137 1387 4214 ἔμμεναι

214 4233 324 4306 Αἰήταο
344 4233 396 4289 σὺν
413 4229 509 4288 ἔντεσι
530 4234 713 4303 πειρηθῆναι.

282 4322 307 4362 9⁷
325 4321 354 4375 N
372 4323 418 4373 531
440 4315 621 4386 cogitandum
639 4319 681 4371 est
692 4314 837 4370 Merionen
853 4313 968 4385 paulum
986 4313 1126 4369 recessisse
1144 4316 1177 4369 ut
1193 4313 1304 4383 galeam
1320 4312 1386 4369 cmi·

219 4402 257 4460 cis
274 4404 407 4470 traderet,
425 4405 486 4458 tum
503 4402 595 4457 denuo
613 4400 788 4472 procurrisse.
823 4401 911 4455 0287
930 4399 1038 4464 „denuo
1055 4398 1149 4454 vivit.“
