3008 4980
198 295 238 356 40
289 287 322 340 ΙΙ.
340 285 382 340 De
399 284 577 341 Aristarchea
595 282 795 340 vocabulorum
815 281 1024 337 Homerieorum
1041 278 1280 350 interpretatione.

135 463 188 535 (47)
199 478 231 539 p.
253 462 294 524 66
314 454 372 540 Κ.>
398 456 463 519 τῶν
491 450 526 518 ἓν
552 453 622 530 τοῖς
642 447 796 530 Σόλωνος
817 444 914 532 δίξοσι
940 449 1089 534 γλωσσῶν
1110 441 1158 525 είς
1177 443 1272 526 δίκας
1293 447 1370 513 δια-

200 556 368 652 φερούσας
388 548 456 628 ῶδέ
474 581 559 637 πως·

339 662 357 733 ὁ
378 665 440 752 μὲν
461 660 518 735 οὖν
538 665 605 746 σός,
630 664 710 751 ἐμὸς
731 662 759 732 δ’
787 655 882 744 οὗτος
903 659 1053 755 ἀδελφὸς
1073 655 1233 754 φρασάτω

700 770 733 839 τί
753 775 910 851 καλοῦσιν
931 767 1066 850 ίδαίοος.

200 886 273 952 Iure
287 889 399 951 nostro
415 884 569 949 sumimus
587 885 646 950 has
666 883 895 969 explicationes
909 882 961 947 vel
981 883 1016 946 in
1037 881 1211 948 traditione
1234 883 1372 967 quadam

200 995 252 1060 vel
272 995 306 1058 in
329 990 553 1078 etymologicis
576 996 608 1056 et
628 991 833 1057 iudicialibus
855 990 950 1074 nugis
972 988 1163 1055 substitisse.

283 1100 352 1166 Iam
366 1101 407 1164 ad
421 1098 626 1184 sophistas
640 1100 773 1164 festinat
794 1098 918 1163 animus
945 1100 982 1161 ut
1004 1094 1216 1180 exploremus,
1239 1097 1317 1181 quid
1337 1098 1372 1161 hi

201 1233 278 1276 suae
293 1208 467 1290 sapientiae
481 1229 664 1292 praecones,
686 1228 768 1290 quos
787 1206 821 1269 in
835 1205 940 1290 poetis
964 1202 1160 1288 explicandis
1182 1225 1216 1269 se
1238 1204 1372 1269 iactasse

202 1321 344 1400 constat,
369 1314 539 1380 attulerint
565 1313 739 1398 magnifici.
782 1311 962 1378 Audiamus
983 1309 1208 1397 Protagoram,
1236 1312 1314 1396 quid
1339 1312 1373 1376 in

202 1424 392 1510 exponendo
418 1425 566 1507 poemate
585 1423 785 1506 sequendum
806 1423 908 1505 putet.
953 1418 1129 1484 Simonidei
1151 1419 1301 1484 carminis
1322 1419 1373 1483 in·

201 1532 466 1617 terpretationcm
494 1530 686 1616 aggrediens
713 1530 758 1595 sio
784 1529 930 1613 loquitur
956 1527 1041 1611 apud
1061 1525 1232 1592 Platonem
1254 1527 1374 1610 (339a):

202 1636 259 1704 καὶ
287 1636 327 1726 δὴ
358 1633 415 1702 καί
444 1638 499 1700 νῦν
527 1630 620 1701 ἔσται
646 1634 684 1702 ιδ
710 1630 862 1723 ἒρῶτημα
882 1630 960 1717 περί
979 1636 1039 1698 τοῦ
1061 1627 1163 1699 αὐτοῦ
1183 1628 1262 1714 μέν,
1298 1629 1375 1716 περὶ

202 1734 305 1830 οὗπερ
335 1739 398 1829 ἐγώ
422 1765 457 1808 τε
478 1739 536 1808 καί
556 1741 594 1808 οδ
617 1748 672 1808 νῦν
694 1738 936 1827 διαλεγόμεθα,
967 1738 1058 1826 περί
1084 1735 1235 1828 ἀρετῆς,
1262 1762 1374 1822 μισε-

203 1848 447 1939 νηνεγμὲνον
483 1845 524 1915 δὲ
558 1845 619 1928 είς
649 1845 839 1939 ποίησιν.
888 1851 932 1916 Et
961 1851 995 1915 in
1023 1850 1156 1916 eandem
1181 1849 1374 1915 sententiam

202 1964 282 2027 haec
304 1962 386 2045 (ib.):
412 1953 566 2049 ἡγοῦμαι,
588 1950 615 2024 ιδ
636 1953 816 2045 Σώκρατες,
839 1953 902 2042 ἐγώ
927 1950 1023 2043 ἀνδρί
1043 1950 1202 2033 παιδείας
1221 1951 1375 2040 μέγιστον

203 2066 303 2151 μέρος
324 2057 507 2153 εἶναιπερὶ
528 2064 618 2133 ἐπῶν
639 2064 748 2133 δεινὸν
770 2055 868 2131 εἶναι·
894 2059 965 2131 ἔστι
987 2062 1024 2130 δὲ
1044 2067 1141 2131 τοῦτο
1162 2061 1203 2128 τὰ
1223 2056 1291 2128 ὑπὸ
1310 2065 1375 2128 τῶν

203 2177 352 2260 ποιητῶν
366 2173 526 2261 λεγόμενα
549 2165 621 2241 οἷόν
640 2167 677 2240 ι’·
691 2165 777 2240 εἶναι
799 2170 943 2254 ξυνιέναι
964 2169 986 2238 δι’
1006 2195 1041 2238 τε
1062 2166 1174 2259 ὀρθῶς
1193 2164 1377 2258 πεποίηται

203 2282 260 2347 καί
287 2273 310 2347 di
336 2279 397 2370 μή,
429 2281 486 2350 καί
513 2278 719 2349 ἐπίστασθαι
740 2280 861 2347 διελεῖν
887 2304 924 2346 σε
953 2279 1009 2347 καί
1039 2272 1250 2366 ἐρωτώμενον
1278 2277 1376 2363 λόγον

205 2390 331 2458 δοῦναι.
366 2391 404 2458 In
426 2416 490 2478 quo
512 2392 606 2458 facile
625 2397 674 2457 est
694 2391 875 2476 intelligere
895 2390 977 2456 illud
998 2385 1020 2453 δί
1040 2412 1076 2453 σε
1097 2381 1212 2476 ὀρθῶς
1231 2385 1375 2474 πεποίη-

203 2521 261 2562 ται
286 2498 339 2564 καί
368 2490 390 2562 dl
415 2493 461 2588 μή
489 2502 552 2566 hoc
581 2499 761 2586 significare
787 2521 887 2583 „quae
909 2501 1024 2582 poetae
1051 2499 1230 2563 sententiae
1261 2501 1377 2578 rectae,

83 2589 85 2593 ¹
205 2619 287 2692 qu'ae
321 2630 436 2693 pravae
464 2609 556 2674 sint.“
610 2608 659 2672 De
685 2610 773 2671 recta
803 2606 974 2671 verborum
1003 2605 1268 2690 interpretatione
1293 2605 1376 2669 nihil

206 2715 291 2781 dicit.
333 2713 407 2795 Illa,
435 2719 473 2781 ut
496 2715 636 2781 breviter
667 2714 782 2794 dicam,
816 2714 946 2779 moralis
974 2713 1197 2798 interpretatio
1225 2711 1376 2797 (Hippiae

206 2821 327 2906 dialogi
340 2823 533 2904 memineris,
555 2845 620 2906 quo
642 2821 821 2905 exquiritur
835 2820 995 2887 Achillem
1017 2844 1058 2885 an
1072 2819 1200 2887 Ulixem
1216 2820 1376 2886 Homerus

205 2931 323 2994 virtute
348 2930 615 3014 praestantiorem
640 2929 779 3012 finxerit)
813 2933 846 2993 et
878 2929 1096 3014 sophistarum
1130 2932 1163 2994 et
1194 2929 1377 3013 aequalium

205 3036 472 3121 philosophorum
499 3037 623 3100 animos
651 3037 840 3121 occupabat:
872 3037 1089 3120 sophistarum
1114 3058 1189 3102 vero
1217 3059 1236 3100 a
1261 3036 1376 3102 studiis

207 3144 287 3208 adeo
309 3144 462 3209 abhorret
484 3147 520 3208 ut
541 3146 689 3207 accurata
714 3145 946 3210 vocabulorum
975 3144 1240 3229 interpretatione
1266 3167 1377 3209 verum

206 3255 321 3334 poetae
340 3273 470 3316 sensum
485 3250 646 3330 elicerent,
667 3254 704 3315 ut
719 3252 871 3335 speciosis
894 3254 934 3317 ad
950 3252 1152 3317 excitandum
1173 3252 1377 3335 quaestiones

207 3358 542 3443 argumentationibus
558 3380 624 3421 non
639 3357 745 3423 minus
759 3360 887 3442 poetica
901 3359 1056 3425 vocabula
1069 3359 1209 3424 ludibrio
1227 3359 1378 3424 habuisse

208 3467 359 3531 censendi
381 3467 446 3530 sint
468 3488 564 3550 quam
586 3464 733 3550 vulgaria
753 3465 905 3532 habuisse
925 3470 1061 3532 constat.
1103 3466 1175 3532 Hoc
1196 3468 1305 3531 tamen
1325 3467 1378 3531 hic

208 3572 304 3637 etiam
333 3575 517 3638 habuerunt
550 3573 658 3637 meriti
691 3577 728 3637 ut
760 3574 956 3639 adversarios
988 3575 1029 3639 ad
1063 3574 1254 3639 evolvendus
1279 3574 1378 3639 animi

142 3700 196 3771 (48)
208 3679 359 3745 notiones
373 3682 581 3765 instigarent:
602 3683 634 3744 et
648 3681 730 3745 tales
746 3682 923 3747 carminum
937 3682 1228 3766 interpretationes,
1250 3681 1378 3766 qualem

206 3785 406 3872 Protagorae
421 3789 556 3875 argutiis
572 3787 719 3854 Socrates
735 3790 878 3875 opponit,
901 3812 1096 3874 quamquam
1109 3790 1254 3875 insignes
1268 3789 1379 3854 insunt

208 3917 330 3960 errores
358 3897 407 3977 (ut
429 3879 470 3961 de·
488 3897 587 3962 verbo
609 3889 703 3979 ἑνῶν)
733 3901 766 3961 et
786 3896 921 3963 fortasse
950 3899 977 3963 si
998 3901 1104 3963 totum
1127 3919 1255 3963 carmen
1281 3897 1378 3961 habe-

207 4025 314 4067 remus
331 4003 438 4088 plures
453 4007 652 4088 apparerent,
671 4006 780 4068 tamen
795 4004 822 4069 si
836 4010 907 4070 tum
921 4007 1030 4090 plures
1047 4006 1192 4085 fuissent,
1213 4004 1377 4089 aliquanto

165 4135 197 4185 40
209 4110 297 4195 prius
317 4110 352 4174 in
372 4110 435 4175 hoc
459 4132 577 4196 genere
599 4111 720 4195 aliquid
741 4112 920 4195 profectum
943 4117 1037 4180 esset.
1071 4110 1156 4178 Nam
1177 4112 1265 4197 quod
1286 4112 1378 4196 quasi

210 4217 453 4290 fiandamentum
473 4218 526 4282 sui
547 4219 768 4283 commentarii
794 4221 900 4305 ponit,
930 4222 1012 4288 illud
1038 4243 1164 4286 carmen
1191 4225 1278 4286 certo
1301 4241 1378 4284 con-

211 4324 297 4404 siliu,
327 4325 367 4390 ad
388 4326 624 4411 coarguendam
645 4324 763 4391 Pittaci
784 4330 990 4407 sententiam,
1013 4329 1168 4414 scriptum
1190 4352 1268 4406 esse,
1292 4329 1379 4413 quod
