3046 4980
227 351 267 412 82
308 341 343 396 ΙΙ.
369 340 411 397 Dc
429 342 605 397 Aristarchea
622 339 821 396 vocabulorum
838 339 1047 394 Homericorum
1062 337 1303 406 interpretatione.

351 505 495 589 ἐλθέμεν
516 500 576 573 οὖν
598 504 777 572 ἐθέλουσιν
799 500 954 590 ἐναντίαι,
976 497 1064 569 άλλὰ
1087 499 1247 591 φέβονται

349 609 465 702 ἰληδὸν
485 606 699 679 πτώσσουσαι
721 608 784 678 άνὰ
806 607 939 701 ῥωπήια
960 606 1082 676 πυκνά·

349 713 395 800 tle
414 714 451 788 οἳ
469 714 533 785 άνὰ
554 715 759 804 πτολίεθρον
779 716 960 804 ὑπέτρεσαν
982 713 1122 803 ὄβριμον
1143 716 1246 797 ἄνδρα

347 823 552 916 μνησάμενοι
572 824 751 914 προτέρων,
775 821 910 894 ὁπόσων
931 821 1002 893 άπὸ
1024 825 1135 910 θυμὸν
1155 819 1268 912 λἀψεν.

228 938 412 1003 Transitum
426 937 547 1002 factum
561 937 704 1002 videmus
720 961 738 1000 a
759 935 961 1002 retractando
983 935 1024 999 ad
1045 935 1287 999 detrectandam
1307 932 1392 1017 peri·

227 1045 333 1110 culum
356 1068 373 1109 e
394 1045 575 1131 longinquo
597 1045 757 1110 minitans.
793 1043 1008 1110 Callimachus
1029 1043 1066 1108 fr.
1080 1039 1179 1106 LXXI
1194 1040 1394 1106 Simonidem

228 1154 414 1234 querentem
434 1151 557 1216 inducit
579 1151 618 1215 de
639 1150 755 1215 tumuli
777 1151 827 1214 sui
849 1172 1007 1215 eversore:
1040 1142 1113 1213 οὐδ’
1136 1143 1253 1228 ὑμέας,
1277 1139 1393 1209 Πολύ-

228 1257 356 1341 δευκες,
386 1252 575 1340 ὑπέτρεσεν,
612 1258 648 1322 οῖ’
668 1281 711 1340 με
735 1253 910 1340 μελάθρου
934 1252 1115 1339 μέλλοντος
1138 1250 1275 1320 πίπτειν
1300 1247 1395 1328 ἐκτὸς

227 1358 356 1429 έθεσθέ
380 1388 463 1429 ποτε
488 1407 528 1416 -
556 1366 587 1430 h.
609 1389 635 1433 e.
666 1389 731 1431 non
756 1367 888 1431 recessit
913 1367 953 1431 ab
979 1365 1079 1448 impio
1100 1364 1243 1428 facinore
1264 1365 1396 1446 propter

226 1472 404 1555 periculum
430 1474 580 1563 instantis
608 1472 811 1539 aDioscuris
839 1495 971 1560 poenae.
1013 1472 1164 1537 Dixeram
1190 1492 1298 1554 supra:
1327 1469 1398 1551 τρεῖ

226 1576 282 1642 ille
298 1579 353 1662 qui
372 1580 514 1663 periculo
532 1585 684 1664 percepto
706 1580 846 1645 volvero
868 1580 918 1645 vel
938 1579 1013 1643 ficto
1036 1578 1132 1642 celeri
1146 1579 1289 1663 corporis
1303 1580 1395 1641 motu

227 1688 386 1750 retractat.
425 1685 539 1752 Potest
560 1687 650 1768 addi,
678 1710 716 1752 ex
736 1688 879 1753 Homero
906 1687 991 1751 enim
1017 1685 1155 1750 addendi
1181 1685 1305 1751 occasio
1327 1705 1394 1746 non

228 1794 304 1870 erat,
325 1791 375 1855 vel
395 1798 563 1875 praesente
583 1794 634 1858 vel
652 1795 745 1858 etiam
765 1795 827 1860 loci
848 1793 1040 1878 temporisve
1063 1793 1167 1877 spatio
1190 1793 1331 1857 absente.

184 2229 215 2280 82
754 2203 871 2274 Θάειν

229 2382 384 2442 nmquam
404 2359 493 2443 apuu
511 2319 685 2423 nomm
713 2359 830 2423 ιιυιιι
855 2359 893 2424 ιι
917 2360 1107 2424 inamata
1132 2360 1247 2443 asca,
1276 2357 1335 2422 ιιι
1357 2357 1397 2420 ιι

390 2464 558 2548 offerendis
580 2457 755 2548 ἀπαρχαῖς,
780 2480 810 2531 et
830 2461 957 2553 θυηλαί
975 2481 1050 2533 sonat
1070 2459 1228 2549 ἀπαρχαί.

310 2634 403 2696 1219
421 2630 535 2693 θεοῖσι
557 2625 594 2693 δέ
615 2633 718 2695 θῦσαι
739 2623 858 2715 ἀνώγει
879 2627 1077 2716 Πάτροκλον
1099 2620 1136 2697 tv
1156 2624 1298 2714 ἑταῖρον·
1320 2625 1338 2695 ὁ
1362 2623 1394 2693 δ’

229 2733 264 2800 έν
291 2733 371 2819 πυρί
400 2727 506 2818 βάλλε
532 2729 679 2823 θυηλάς·
709 2731 740 2826 (ἡ
767 2737 883 2828 διπλῆ)
905 2734 959 2805 ὅτι
983 2740 1091 2803 θῦσαι
1118 2730 1156 2803 οὗ
1178 2735 1321 2824 σφάξαι,
1350 2731 1397 2813 ὡς

229 2844 302 2924 (hoc
324 2844 409 2908 enim
436 2843 653 2930 inserendum)
683 2839 701 2911 ὃ
726 2841 897 2929 Τιμόθεος
922 2839 1092 2930 ὑπέλαβεν
1118 2841 1176 2910 καί
1207 2837 1394 2924 Φιλόξενος,

229 2944 353 3031 ὁμοίως
373 2954 412 3038 τῇ
434 2943 575 3038 ἡμετέρα
596 2947 767 3041 συνηθείᾳ,
792 2947 880 3018 άλλὰ
902 2958 1079 3037 θυμιᾶσαι.
1114 2949 1171 3018 καί
1191 2947 1244 3018 ὅτι
1265 2949 1398 3036 θυηλὰς

227 3054 287 3132 τὰς
304 3052 533 3139 ἒπιθυομένας
554 3051 719 3142 ἀπαρχάς·
741 3058 798 3125 καί
819 3058 855 3125 έν
872 3053 1048 3148 Ὀδυσσείᾳ
1069 3061 1102 3145 (ξ
1113 3064 1186 3145 446)
1209 3049 1256 3147 ,,ἦ
1278 3062 1319 3141 ῥα
1340 3056 1398 3122 καί

228 3156 378 3247 ἄργματα
393 3166 478 3228 θῦσε
492 3167 589 3242 θεοῖς
614 3159 882 3254 αἰειγενέτῃσινῐῑ.
918 3168 1087 3254 Significat
1101 3168 1308 3234 Timotheum
1331 3168 1397 3232 sire

227 3272 385 3336 comicum
419 3273 486 3339 sive
520 3273 794 3358 dithyramborum
827 3275 1014 3358 scriptorem
1047 3280 1079 3341 et
1113 3276 1330 3341 Philoxenum
1360 3276 1396 3339 in

227 3379 420 3444 carminibus
448 3379 514 3444 suis
535 3380 693 3463 parodicis
715 3379 755 3443 ad
778 3381 932 3464 quosdam
958 3381 1047 3446 locos
1068 3382 1258 3448 Homericos
1279 3383 1325 3447 ita
1345 3404 1397 3446 re·

227 3485 367 3569 spexisse
395 3490 433 3550 ut
470 3487 505 3551 in
533 3486 597 3551 illis
634 3487 739 3548 θῦσαι
769 3486 902 3572 vulgata
934 3486 1047 3553 deinde
1078 3489 1313 3572 significatione
1339 3491 1399 3555 τοῦ

228 3588 355 3677 σφάξαι
370 3589 410 3655 τὰ
432 3586 535 3673 ἱερεῖα
557 3592 716 3676 accepisse
738 3597 914 3677 appareret
948 3592 992 3658 m
1014 3594 1052 3658 de
1067 3593 1245 3661 Philoxeno
1268 3595 1398 3679 quidem

227 3720 265 3764 ex
286 3697 404 3764 Suidae
429 3697 501 3764 loco
529 3721 554 3763 s.
575 3693 702 3774 ἔθυσας
726 3698 824 3783 paulo
851 3699 969 3763 certius
993 3700 1133 3767 divinare
1154 3701 1243 3766 licet:
1271 3696 1399 3777 ἔθυσας

226 3799 403 3893 άνιιθάση·
441 3807 539 3869 τοῦτο
566 3801 659 3891 παρὰ
691 3802 862 3891 Φιλοξένην
889 3799 907 3871 ὃ
935 3800 1089 3896 Κύκλωψ
1116 3803 1205 3893 λέγει
1230 3806 1315 3893 πρὸς
1340 3806 1399 3875 τὸν

223 3905 398 3978 Ὀδυσσέα·
421 3904 662 3990 άπεκδέχονται
683 3911 744 3999 γὰρ
768 3914 812 3998 (h.
833 3937 859 3980 e.
880 3913 962 3980 falso
984 3915 1153 4000 accipiunt,
1175 3940 1205 3983 v.
1227 3908 1398 4003 άπεκθοχή

225 4020 311 4104 apud
329 4018 524 4084 Nicanorem
545 4019 585 4083 ad
605 4017 638 4087 Ξ
649 4022 722 4103 500)
744 4019 782 4088 τὸ
805 4015 891 4085 ἔνθα
913 4017 950 4085 δέ
973 4025 1039 4105 πῦρ
1061 4016 1207 4100 κείαντες
1228 4019 1399 4105 ἐθύσαμεν

226 4124 251 4202 (ι
273 4128 346 4206 231)
372 4123 464 4207 παρὰ
491 4129 538 4211 τῷ
563 4128 687 4214 ποιητῇ
711 4119 869 4215 εἰρῆσθαι
893 4125 1037 4193 ἐπὶτῶν
1058 4121 1181 4212 άρναῖν,
1208 4124 1280 4212 οὐχί
1303 4127 1339 4194 δέ
1359 4128 1399 4196 τὸ

226 4226 443 4314 άπεθίσαμεν
471 4234 635 4298 νοεῖσθαι.
674 4234 775 4300 Recte
802 4235 951 4300 emendat
971 4235 1187 4304 Bernhardius
1208 4235 1247 4305 τὸ
1270 4234 1399 4302 ἐπεθυ-

224 4332 392 4421 μιάσαμεν
418 4338 469 4404 vel
490 4335 736 4424 έθυμιάσαμεν,
764 4342 871 4426 ipsum
898 4342 953 4407 ille
975 4342 1108 4409 Suidam
1133 4332 1268 4411 afferens
1290 4348 1400 4411 θῦσαι
