<?xml version="1.0" encoding="UTF-8"?>
<!DOCTYPE html PUBLIC "-//W3C//DTD XHTML 1.0 Transitional//EN"
    "http://www.w3.org/TR/xhtml1/DTD/xhtml1-transitional.dtd">
<html xmlns="http://www.w3.org/1999/xhtml" xml:lang="en" lang="en">
 <head>
  <title>
</title>
<meta http-equiv="Content-Type" content="text/html;charset=utf-8" />
  <meta name='ocr-system' content='tesseract 3.04.00' />
  <meta name='ocr-capabilities' content='ocr_page ocr_carea ocr_par ocr_line ocrx_word'/>
</head>
<body>
  <div class='ocr_page' id='page_1' title='image "./dearistarchistu01lehrgoog/dearistarchistu01lehrgoog_0324.png"; bbox 0 0 3008 4980; ppageno 0'>
   <div class='ocr_carea' id='block_1_1' title="bbox 546 341 1308 427">
    <p class='ocr_par' dir='ltr' id='par_1_1' title="bbox 546 341 1308 427">
     <span class='ocr_line' id='line_1_1' title="bbox 546 341 1308 427; baseline 0.021 -28"><span class='ocrx_word' id='word_1_1' title='bbox 546 350 569 400; x_wconf 81' lang='lat'><em>2.</em></span> <span class='ocrx_word' id='word_1_2' title='bbox 593 345 635 402; x_wconf 78' lang='lat' dir='ltr'><em>De</em></span> <span class='ocrx_word' id='word_1_3' title='bbox 653 341 903 427; x_wconf 71' lang='lat' dir='ltr'>internspinntinne.</span> <span class='ocrx_word' id='word_1_4' title='bbox 1247 353 1308 416; x_wconf 86' lang='lat'><em>309</em></span> 
     </span>
    </p>
   </div>
   <div class='ocr_carea' id='block_1_2' title="bbox 132 504 1388 4482">
    <p class='ocr_par' dir='ltr' id='par_1_2' title="bbox 138 504 1307 706">
     <span class='ocr_line' id='line_1_2' title="bbox 138 504 1307 601; baseline -0.004 -15"><span class='ocrx_word' id='word_1_5' title='bbox 138 512 245 594; x_wconf 77' lang='grc' dir='ltr'><em>οὕτως</em></span> <span class='ocrx_word' id='word_1_6' title='bbox 267 515 328 600; x_wconf 85' lang='grc' dir='ltr'><em>γὰρ</em></span> <span class='ocrx_word' id='word_1_7' title='bbox 357 511 520 601; x_wconf 86' lang='grc' dir='ltr'><em>ἐλέγομεν·</em></span> <span class='ocrx_word' id='word_1_8' title='bbox 539 510 616 597; x_wconf 81' lang='grc' dir='ltr'><em>περὶ</em></span> <span class='ocrx_word' id='word_1_9' title='bbox 642 510 758 578; x_wconf 88' lang='grc' dir='ltr'><em>τοίτου</em></span> <span class='ocrx_word' id='word_1_10' title='bbox 786 509 843 576; x_wconf 82' lang='grc' dir='ltr'><em>καί</em></span> <span class='ocrx_word' id='word_1_11' title='bbox 869 507 904 576; x_wconf 91' lang='grc' dir='ltr'><em>ἐν</em></span> <span class='ocrx_word' id='word_1_12' title='bbox 922 512 962 598; x_wconf 76' lang='grc' dir='ltr'><em>τῇ</em></span> <span class='ocrx_word' id='word_1_13' title='bbox 982 514 1020 575; x_wconf 89' lang='grc' dir='ltr'><em>Α</em></span> <span class='ocrx_word' id='word_1_14' title='bbox 1041 504 1202 600; x_wconf 75' lang='grc' dir='ltr'><em>ῥαψῳδίᾳ</em></span> <span class='ocrx_word' id='word_1_15' title='bbox 1223 515 1307 597; x_wconf 85' lang='grc'><strong>(136)</strong></span> 
     </span>
     <span class='ocr_line' id='line_1_3' title="bbox 138 619 1169 706; baseline -0.003 -15"><span class='ocrx_word' id='word_1_16' title='bbox 138 663 179 674; x_wconf 92' lang='grc'><strong>-</strong></span> <span class='ocrx_word' id='word_1_17' title='bbox 201 630 261 692; x_wconf 76' lang='lat' dir='ltr'>cet.</span> <span class='ocrx_word' id='word_1_18' title='bbox 295 625 385 691; x_wconf 87' lang='grc' dir='ltr'><em>Ηεεο</em></span> <span class='ocrx_word' id='word_1_19' title='bbox 405 623 584 691; x_wconf 84' lang='lat' dir='ltr'>Herodiani</span> <span class='ocrx_word' id='word_1_20' title='bbox 606 626 690 690; x_wconf 76' lang='lat' dir='ltr'>sunt.</span> <span class='ocrx_word' id='word_1_21' title='bbox 711 659 751 672; x_wconf 90' lang='lat'><em>-</em></span> <span class='ocrx_word' id='word_1_22' title='bbox 774 622 820 688; x_wconf 76' lang='lat' dir='ltr'><em>of.</em></span> <span class='ocrx_word' id='word_1_23' title='bbox 841 621 945 706; x_wconf 75' lang='lat' dir='ltr'><strong>Etym.</strong></span> <span class='ocrx_word' id='word_1_24' title='bbox 964 619 1007 686; x_wconf 91' lang='grc' dir='ltr'><em>Μ.</em></span> <span class='ocrx_word' id='word_1_25' title='bbox 1029 624 1099 699; x_wconf 84' lang='grc'><em>377,</em></span> <span class='ocrx_word' id='word_1_26' title='bbox 1120 628 1169 688; x_wconf 86' lang='grc'><em>40.</em></span> 
     </span>
    </p>

    <p class='ocr_par' dir='ltr' id='par_1_3' title="bbox 135 721 1309 1790">
     <span class='ocr_line' id='line_1_4' title="bbox 223 721 1308 813; baseline -0.004 -16"><span class='ocrx_word' id='word_1_27' title='bbox 223 735 255 797; x_wconf 83' lang='grc' dir='ltr'>Ω</span> <span class='ocrx_word' id='word_1_28' title='bbox 276 740 336 802; x_wconf 82' lang='grc'><strong>540</strong></span> <span class='ocrx_word' id='word_1_29' title='bbox 358 724 430 796; x_wconf 77' lang='grc' dir='ltr'><em>ἀλλ’</em></span> <span class='ocrx_word' id='word_1_30' title='bbox 460 726 518 796; x_wconf 74' lang='grc' dir='ltr'><em>ἕνα</em></span> <span class='ocrx_word' id='word_1_31' title='bbox 544 729 653 795; x_wconf 85' lang='grc' dir='ltr'><em>παῖδα</em></span> <span class='ocrx_word' id='word_1_32' title='bbox 672 724 765 795; x_wconf 82' lang='grc' dir='ltr'><strong><em>τέκεν</em></strong></span> <span class='ocrx_word' id='word_1_33' title='bbox 784 721 989 813; x_wconf 79' lang='grc' dir='ltr'><em>παναώριον.</em></span> <span class='ocrx_word' id='word_1_34' title='bbox 1031 727 1308 794; x_wconf 72' lang='grc' dir='ltr'><em>841101Απαν-</em></span> 
     </span>
     <span class='ocr_line' id='line_1_5' title="bbox 138 829 1308 923; baseline -0.003 -18"><span class='ocrx_word' id='word_1_35' title='bbox 138 833 303 923; x_wconf 75' lang='grc' dir='ltr'><em>αώριοντ</em></span> <span class='ocrx_word' id='word_1_36' title='bbox 337 833 455 920; x_wconf 75' lang='grc' dir='ltr'><em>οἱμὲν</em></span> <span class='ocrx_word' id='word_1_37' title='bbox 480 832 656 916; x_wconf 88' lang='grc' dir='ltr'><em>ἐδάσυναν,</em></span> <span class='ocrx_word' id='word_1_38' title='bbox 687 837 741 902; x_wconf 78' lang='grc' dir='ltr'><em>ἵνα</em></span> <span class='ocrx_word' id='word_1_39' title='bbox 771 831 966 916; x_wconf 84' lang='grc' dir='ltr'><em>ἐκδέξωνται</em></span> <span class='ocrx_word' id='word_1_40' title='bbox 997 832 1054 901; x_wconf 86' lang='grc' dir='ltr'><em>τόν</em></span> <span class='ocrx_word' id='word_1_41' title='bbox 1082 833 1166 900; x_wconf 83' lang='grc' dir='ltr'><em>κατὰ</em></span> <span class='ocrx_word' id='word_1_42' title='bbox 1196 829 1308 902; x_wconf 84' lang='grc' dir='ltr'><em>πόντοι</em></span> 
     </span>
     <span class='ocr_line' id='line_1_6' title="bbox 137 936 1309 1034; baseline -0.003 -21"><span class='ocrx_word' id='word_1_43' title='bbox 137 942 261 1030; x_wconf 81' lang='grc' dir='ltr'><em>ἀωρυν·</em></span> <span class='ocrx_word' id='word_1_44' title='bbox 294 941 327 1013; x_wconf 83' lang='grc' dir='ltr'><em>οί</em></span> <span class='ocrx_word' id='word_1_45' title='bbox 354 941 391 1011; x_wconf 85' lang='grc' dir='ltr'><em>δέ</em></span> <span class='ocrx_word' id='word_1_46' title='bbox 415 940 587 1034; x_wconf 81' lang='grc' dir='ltr'><em>ἐψίλωσαν</em></span> <span class='ocrx_word' id='word_1_47' title='bbox 608 940 819 1028; x_wconf 82' lang='grc' dir='ltr'><em>ἐκδεχόμενοι</em></span> <span class='ocrx_word' id='word_1_48' title='bbox 843 941 901 1010; x_wconf 87' lang='grc' dir='ltr'><em>τὸν</em></span> <span class='ocrx_word' id='word_1_49' title='bbox 926 937 975 1021; x_wconf 82' lang='grc' dir='ltr'><em>εἰς</em></span> <span class='ocrx_word' id='word_1_50' title='bbox 995 936 1105 1008; x_wconf 81' lang='grc' dir='ltr'><em>πάντα</em></span> <span class='ocrx_word' id='word_1_51' title='bbox 1125 964 1309 1031; x_wconf 87' lang='grc' dir='ltr'><em>πεφροντι-</em></span> 
     </span>
     <span class='ocr_line' id='line_1_7' title="bbox 136 1046 1308 1138; baseline -0.002 -18"><span class='ocrx_word' id='word_1_52' title='bbox 136 1051 268 1138; x_wconf 85' lang='grc' dir='ltr'><em>σμένον.</em></span> <span class='ocrx_word' id='word_1_53' title='bbox 311 1046 448 1135; x_wconf 83' lang='grc' dir='ltr'><em>ἀμεινον</em></span> <span class='ocrx_word' id='word_1_54' title='bbox 475 1050 511 1118; x_wconf 85' lang='grc' dir='ltr'><em>δέ</em></span> <span class='ocrx_word' id='word_1_55' title='bbox 530 1050 569 1120; x_wconf 87' lang='grc' dir='ltr'><em>τό</em></span> <span class='ocrx_word' id='word_1_56' title='bbox 596 1047 772 1138; x_wconf 89' lang='grc' dir='ltr'><em>πρότερον·</em></span> <span class='ocrx_word' id='word_1_57' title='bbox 799 1053 896 1118; x_wconf 82' lang='grc' dir='ltr'><em>τοῦτο</em></span> <span class='ocrx_word' id='word_1_58' title='bbox 925 1049 987 1135; x_wconf 86' lang='grc' dir='ltr'><em>γὰρ</em></span> <span class='ocrx_word' id='word_1_59' title='bbox 1009 1046 1106 1116; x_wconf 77' lang='grc' dir='ltr'><em>δέλει</em></span> <span class='ocrx_word' id='word_1_60' title='bbox 1128 1046 1308 1138; x_wconf 90' lang='grc' dir='ltr'><em>σημαίνειν.</em></span> 
     </span>
     <span class='ocr_line' id='line_1_8' title="bbox 137 1149 1305 1246; baseline -0.005 -14"><span class='ocrx_word' id='word_1_61' title='bbox 137 1163 300 1232; x_wconf 68' lang='grc'><em>012114.</em></span> <span class='ocrx_word' id='word_1_62' title='bbox 331 1168 423 1246; x_wconf 85' lang='grc'><strong>1364,</strong></span> <span class='ocrx_word' id='word_1_63' title='bbox 448 1168 488 1231; x_wconf 98' lang='grc'><em>26</em></span> <span class='ocrx_word' id='word_1_64' title='bbox 518 1155 712 1244; x_wconf 81' lang='grc' dir='ltr'><em>παναώριον</em></span> <span class='ocrx_word' id='word_1_65' title='bbox 740 1156 777 1224; x_wconf 85' lang='grc' dir='ltr'><em>δέ</em></span> <span class='ocrx_word' id='word_1_66' title='bbox 804 1152 827 1245; x_wconf 73' lang='grc' dir='ltr'>ἢ</span> <span class='ocrx_word' id='word_1_67' title='bbox 851 1156 909 1224; x_wconf 89' lang='grc' dir='ltr'><em>τὸν</em></span> <span class='ocrx_word' id='word_1_68' title='bbox 934 1152 1043 1245; x_wconf 88' lang='grc' dir='ltr'><em>πάντῃ</em></span> <span class='ocrx_word' id='word_1_69' title='bbox 1070 1149 1181 1242; x_wconf 81' lang='grc' dir='ltr'><em>ἀωρον</em></span> <span class='ocrx_word' id='word_1_70' title='bbox 1206 1155 1305 1244; x_wconf 89' lang='grc' dir='ltr'><em>λέγει,</em></span> 
     </span>
     <span class='ocr_line' id='line_1_9' title="bbox 135 1256 1307 1357; baseline -0.003 -21"><span class='ocrx_word' id='word_1_71' title='bbox 135 1293 232 1357; x_wconf 88' lang='grc' dir='ltr'><em>παρα</em></span> <span class='ocrx_word' id='word_1_72' title='bbox 252 1267 312 1357; x_wconf 79' lang='grc' dir='ltr'><em>τὴν</em></span> <span class='ocrx_word' id='word_1_73' title='bbox 334 1263 422 1355; x_wconf 83' lang='grc' dir='ltr'><em>ώραν</em></span> <span class='ocrx_word' id='word_1_74' title='bbox 442 1266 500 1334; x_wconf 86' lang='grc' dir='ltr'><em>τὸν</em></span> <span class='ocrx_word' id='word_1_75' title='bbox 521 1262 649 1354; x_wconf 89' lang='grc' dir='ltr'><em>καιρόν,</em></span> <span class='ocrx_word' id='word_1_76' title='bbox 674 1262 728 1332; x_wconf 89' lang='grc' dir='ltr'><em>διδ</em></span> <span class='ocrx_word' id='word_1_77' title='bbox 750 1263 807 1331; x_wconf 83' lang='grc' dir='ltr'><em>καὶ</em></span> <span class='ocrx_word' id='word_1_78' title='bbox 829 1256 1004 1332; x_wconf 85' lang='grc' dir='ltr'><em>ἐδασόνετο</em></span> <span class='ocrx_word' id='word_1_79' title='bbox 1026 1257 1120 1352; x_wconf 89' lang='grc' dir='ltr'><em>παρά</em></span> <span class='ocrx_word' id='word_1_80' title='bbox 1133 1286 1202 1332; x_wconf 92' lang='grc' dir='ltr'><em>τισι</em></span> <span class='ocrx_word' id='word_1_81' title='bbox 1222 1266 1307 1333; x_wconf 88' lang='grc' dir='ltr'><em>κατὰ</em></span> 
     </span>
     <span class='ocr_line' id='line_1_10' title="bbox 135 1365 1305 1465; baseline -0.003 -21"><span class='ocrx_word' id='word_1_82' title='bbox 135 1376 197 1465; x_wconf 80' lang='grc' dir='ltr'><em>τὴν</em></span> <span class='ocrx_word' id='word_1_83' title='bbox 221 1373 555 1464; x_wconf 76' lang='grc' dir='ltr'><em>προπαραληγουσαν.</em></span> <span class='ocrx_word' id='word_1_84' title='bbox 602 1368 626 1465; x_wconf 70' lang='grc' dir='ltr'>ἢ</span> <span class='ocrx_word' id='word_1_85' title='bbox 651 1372 745 1458; x_wconf 85' lang='grc' dir='ltr'><em>παρὰ</em></span> <span class='ocrx_word' id='word_1_86' title='bbox 775 1371 813 1440; x_wconf 87' lang='grc' dir='ltr'><em>τό</em></span> <span class='ocrx_word' id='word_1_87' title='bbox 843 1371 904 1460; x_wconf 84' lang='grc' dir='ltr'><em>την</em></span> <span class='ocrx_word' id='word_1_88' title='bbox 930 1365 1019 1456; x_wconf 82' lang='grc' dir='ltr'><em>ἀίραν</em></span> <span class='ocrx_word' id='word_1_89' title='bbox 1043 1370 1103 1462; x_wconf 82' lang='grc' dir='ltr'><em>τὴν</em></span> <span class='ocrx_word' id='word_1_90' title='bbox 1133 1370 1305 1462; x_wconf 88' lang='grc' dir='ltr'><em>φροντίδα,</em></span> 
     </span>
     <span class='ocr_line' id='line_1_11' title="bbox 136 1473 1306 1573; baseline -0.002 -22"><span class='ocrx_word' id='word_1_91' title='bbox 136 1483 195 1553; x_wconf 86' lang='grc' dir='ltr'><em>τὸν</em></span> <span class='ocrx_word' id='word_1_92' title='bbox 215 1480 302 1550; x_wconf 89' lang='grc' dir='ltr'><em>πάνυ</em></span> <span class='ocrx_word' id='word_1_93' title='bbox 323 1480 616 1573; x_wconf 87' lang='grc' dir='ltr'><em>πεφροντισμένον.</em></span> <span class='ocrx_word' id='word_1_94' title='bbox 658 1476 681 1571; x_wconf 75' lang='grc' dir='ltr'>ἢ</span> <span class='ocrx_word' id='word_1_95' title='bbox 707 1474 878 1548; x_wconf 87' lang='grc' dir='ltr'><em>ἀνάπαλιν</em></span> <span class='ocrx_word' id='word_1_96' title='bbox 899 1475 944 1558; x_wconf 84' lang='grc' dir='ltr'><em>ώς</em></span> <span class='ocrx_word' id='word_1_97' title='bbox 965 1477 999 1546; x_wconf 82' lang='grc' dir='ltr'><em>ἐν</em></span> <span class='ocrx_word' id='word_1_98' title='bbox 1019 1473 1117 1568; x_wconf 74' lang='grc' dir='ltr'><em>ἤθει,</em></span> <span class='ocrx_word' id='word_1_99' title='bbox 1140 1480 1198 1549; x_wconf 88' lang='grc' dir='ltr'><em>τὸν</em></span> <span class='ocrx_word' id='word_1_100' title='bbox 1219 1478 1306 1549; x_wconf 88' lang='grc' dir='ltr'><em>πάνυ</em></span> 
     </span>
     <span class='ocr_line' id='line_1_12' title="bbox 138 1581 1305 1680; baseline -0.003 -21"><span class='ocrx_word' id='word_1_101' title='bbox 138 1588 215 1674; x_wconf 89' lang='grc' dir='ltr'><em>δίχα</em></span> <span class='ocrx_word' id='word_1_102' title='bbox 242 1587 431 1680; x_wconf 92' lang='grc' dir='ltr'><em>φροντίδος,</em></span> <span class='ocrx_word' id='word_1_103' title='bbox 473 1588 556 1657; x_wconf 77' lang='grc' dir='ltr'><em>ὅθεν</em></span> <span class='ocrx_word' id='word_1_104' title='bbox 588 1587 673 1670; x_wconf 81' lang='grc' dir='ltr'><em>τινές</em></span> <span class='ocrx_word' id='word_1_105' title='bbox 702 1588 759 1656; x_wconf 87' lang='grc' dir='ltr'><em>καί</em></span> <span class='ocrx_word' id='word_1_106' title='bbox 790 1584 932 1680; x_wconf 78' lang='grc' dir='ltr'><em>ἐφίλουν</em></span> <span class='ocrx_word' id='word_1_107' title='bbox 960 1581 1050 1654; x_wconf 83' lang='grc' dir='ltr'><em>αάτό.</em></span> <span class='ocrx_word' id='word_1_108' title='bbox 1098 1592 1218 1676; x_wconf 79' lang='grc' dir='ltr'><em>νοῆσαι</em></span> <span class='ocrx_word' id='word_1_109' title='bbox 1244 1590 1305 1676; x_wconf 83' lang='grc' dir='ltr'><em>γὰρ</em></span> 
     </span>
     <span class='ocr_line' id='line_1_13' title="bbox 137 1687 1305 1790; baseline -0.002 -23"><span class='ocrx_word' id='word_1_110' title='bbox 137 1693 309 1790; x_wconf 84' lang='grc' dir='ltr'><em>φιλαίτιος</em></span> <span class='ocrx_word' id='word_1_111' title='bbox 321 1699 379 1767; x_wconf 90' lang='grc' dir='ltr'><em>τὸν</em></span> <span class='ocrx_word' id='word_1_112' title='bbox 392 1694 500 1790; x_wconf 83' lang='grc' dir='ltr'><em>πάντῃ</em></span> <span class='ocrx_word' id='word_1_113' title='bbox 522 1697 654 1787; x_wconf 83' lang='grc' dir='ltr'><em>ὡραῖον,</em></span> <span class='ocrx_word' id='word_1_114' title='bbox 678 1688 698 1765; x_wconf 82' lang='grc' dir='ltr'><em>δ</em></span> <span class='ocrx_word' id='word_1_115' title='bbox 720 1691 763 1786; x_wconf 80' lang='grc' dir='ltr'><em>δη’</em></span> <span class='ocrx_word' id='word_1_116' title='bbox 784 1720 871 1775; x_wconf 86' lang='grc' dir='ltr'><em>τινες</em></span> <span class='ocrx_word' id='word_1_117' title='bbox 892 1687 998 1776; x_wconf 83' lang='grc' dir='ltr'><em>εἶπον,</em></span> <span class='ocrx_word' id='word_1_118' title='bbox 1023 1688 1162 1783; x_wconf 81' lang='grc' dir='ltr'><em>όκνησοι</em></span> <span class='ocrx_word' id='word_1_119' title='bbox 1184 1721 1235 1777; x_wconf 82' lang='grc' dir='ltr'><em>τις</em></span> <span class='ocrx_word' id='word_1_120' title='bbox 1255 1693 1305 1766; x_wconf 87' lang='grc' dir='ltr'><em>ἀν.</em></span> 
     </span>
    </p>

    <p class='ocr_par' dir='ltr' id='par_1_4' title="bbox 135 1797 1388 2860">
     <span class='ocr_line' id='line_1_14' title="bbox 219 1797 1388 1899; baseline -0.008 -26"><span class='ocrx_word' id='word_1_121' title='bbox 219 1814 256 1873; x_wconf 92' lang='grc' dir='ltr'><strong><em>Ν</em></strong></span> <span class='ocrx_word' id='word_1_122' title='bbox 272 1815 332 1878; x_wconf 83' lang='grc'><em>456</em></span> <span class='ocrx_word' id='word_1_123' title='bbox 355 1798 393 1886; x_wconf 77' lang='grc' dir='ltr'><em>ὃς</em></span> <span class='ocrx_word' id='word_1_124' title='bbox 419 1809 551 1893; x_wconf 82' lang='grc' dir='ltr'><em>πρῶτον</em></span> <span class='ocrx_word' id='word_1_125' title='bbox 576 1802 701 1873; x_wconf 84' lang='grc' dir='ltr'><em>Μίνωα</em></span> <span class='ocrx_word' id='word_1_126' title='bbox 725 1802 815 1899; x_wconf 86' lang='grc' dir='ltr'><em>τέκε,</em></span> <span class='ocrx_word' id='word_1_127' title='bbox 844 1800 958 1893; x_wconf 78' lang='grc' dir='ltr'><em>Κρήτῃ</em></span> <span class='ocrx_word' id='word_1_128' title='bbox 987 1797 1188 1889; x_wconf 78' lang='grc' dir='ltr'><em>ἐπίουρον.</em></span> <span class='ocrx_word' id='word_1_129' title='bbox 1230 1809 1388 1882; x_wconf 76' lang='lat' dir='ltr'>Ari-(326)</span> 
     </span>
     <span class='ocr_line' id='line_1_15' title="bbox 137 1906 1305 2002; baseline -0.003 -19"><span class='ocrx_word' id='word_1_130' title='bbox 137 1917 283 1983; x_wconf 77' lang='lat' dir='ltr'><strong>starchus</strong></span> <span class='ocrx_word' id='word_1_131' title='bbox 316 1910 473 2002; x_wconf 78' lang='grc' dir='ltr'><em>ἐπίουρος</em></span> <span class='ocrx_word' id='word_1_132' title='bbox 505 1920 544 1983; x_wconf 74' lang='lat' dir='ltr'><em>ut</em></span> <span class='ocrx_word' id='word_1_133' title='bbox 574 1906 766 2001; x_wconf 74' lang='grc' dir='ltr'><em>ἐπίκουροςι</em></span> <span class='ocrx_word' id='word_1_134' title='bbox 807 1915 1036 1999; x_wconf 77' lang='lat' dir='ltr'>interpretatus</span> <span class='ocrx_word' id='word_1_135' title='bbox 1068 1909 1126 1978; x_wconf 90' lang='grc' dir='ltr'><em>τόν</em></span> <span class='ocrx_word' id='word_1_136' title='bbox 1156 1908 1305 2002; x_wconf 84' lang='grc' dir='ltr'><em>φύλακα·</em></span> 
     </span>
     <span class='ocr_line' id='line_1_16' title="bbox 135 2015 1304 2109; baseline 0.002 -20"><span class='ocrx_word' id='word_1_137' title='bbox 135 2020 300 2109; x_wconf 82' lang='grc' dir='ltr'><em>μέμνηται</em></span> <span class='ocrx_word' id='word_1_138' title='bbox 315 2019 352 2088; x_wconf 81' lang='grc' dir='ltr'><em>δὲ</em></span> <span class='ocrx_word' id='word_1_139' title='bbox 373 2022 429 2089; x_wconf 82' lang='grc' dir='ltr'><em>καὶ</em></span> <span class='ocrx_word' id='word_1_140' title='bbox 451 2018 469 2091; x_wconf 88' lang='grc' dir='ltr'><em>ό</em></span> <span class='ocrx_word' id='word_1_141' title='bbox 485 2022 634 2107; x_wconf 90' lang='grc' dir='ltr'><em>Δίδυμος</em></span> <span class='ocrx_word' id='word_1_142' title='bbox 649 2025 709 2109; x_wconf 77' lang='grc' dir='ltr'><em>τῆς</em></span> <span class='ocrx_word' id='word_1_143' title='bbox 724 2015 919 2098; x_wconf 75' lang='grc' dir='ltr'><em>ἀποδόσεως</em></span> <span class='ocrx_word' id='word_1_144' title='bbox 940 2017 997 2088; x_wconf 82' lang='grc' dir='ltr'><em>καὶ</em></span> <span class='ocrx_word' id='word_1_145' title='bbox 1014 2015 1165 2106; x_wconf 82' lang='grc' dir='ltr'><em>Τρύφων.</em></span> <span class='ocrx_word' id='word_1_146' title='bbox 1200 2019 1304 2091; x_wconf 88' lang='grc' dir='ltr'><em>ἐκεῖνο</em></span> 
     </span>
     <span class='ocr_line' id='line_1_17' title="bbox 138 2122 1305 2220; baseline 0.003 -24"><span class='ocrx_word' id='word_1_147' title='bbox 138 2127 175 2196; x_wconf 86' lang='grc' dir='ltr'><em>δέ</em></span> <span class='ocrx_word' id='word_1_148' title='bbox 196 2127 420 2219; x_wconf 68' lang='grc' dir='ltr'><em>προστίθησιν</em></span> <span class='ocrx_word' id='word_1_149' title='bbox 443 2125 461 2197; x_wconf 90' lang='grc' dir='ltr'><em>ό</em></span> <span class='ocrx_word' id='word_1_150' title='bbox 485 2122 643 2220; x_wconf 81' lang='grc' dir='ltr'><em>Τρύφων,</em></span> <span class='ocrx_word' id='word_1_151' title='bbox 668 2126 720 2197; x_wconf 86' lang='grc' dir='ltr'><em>ότι</em></span> <span class='ocrx_word' id='word_1_152' title='bbox 742 2123 761 2196; x_wconf 87' lang='grc' dir='ltr'><em>ό</em></span> <span class='ocrx_word' id='word_1_153' title='bbox 784 2122 950 2215; x_wconf 89' lang='grc' dir='ltr'><em>ἐπίουρος,</em></span> <span class='ocrx_word' id='word_1_154' title='bbox 973 2122 1019 2207; x_wconf 80' lang='grc' dir='ltr'><em>ὥς</em></span> <span class='ocrx_word' id='word_1_155' title='bbox 1040 2123 1242 2211; x_wconf 77' lang='grc' dir='ltr'><em>ἐπίσκοπος,</em></span> <span class='ocrx_word' id='word_1_156' title='bbox 1267 2126 1305 2199; x_wconf 78' lang='grc' dir='ltr'><em>οὗ</em></span> 
     </span>
     <span class='ocr_line' id='line_1_18' title="bbox 135 2232 1307 2328; baseline 0.001 -24"><span class='ocrx_word' id='word_1_157' title='bbox 135 2233 269 2317; x_wconf 81' lang='grc' dir='ltr'><em>πάντως</em></span> <span class='ocrx_word' id='word_1_158' title='bbox 289 2233 355 2320; x_wconf 65' lang='grc' dir='ltr'><em>ἐγει</em></span> <span class='ocrx_word' id='word_1_159' title='bbox 373 2233 560 2324; x_wconf 75' lang='grc' dir='ltr'><em>ἐγκείμενον</em></span> <span class='ocrx_word' id='word_1_160' title='bbox 575 2237 632 2305; x_wconf 88' lang='grc' dir='ltr'><em>τὸν</em></span> <span class='ocrx_word' id='word_1_161' title='bbox 648 2233 747 2325; x_wconf 86' lang='grc' dir='ltr'><em>οόρδν</em></span> <span class='ocrx_word' id='word_1_162' title='bbox 767 2234 824 2306; x_wconf 89' lang='grc' dir='ltr'><em>τόν</em></span> <span class='ocrx_word' id='word_1_163' title='bbox 846 2232 981 2325; x_wconf 85' lang='grc' dir='ltr'><em>φόλακα</em></span> <span class='ocrx_word' id='word_1_164' title='bbox 1002 2233 1086 2302; x_wconf 84' lang='grc' dir='ltr'><em>κατὰ</em></span> <span class='ocrx_word' id='word_1_165' title='bbox 1107 2233 1227 2328; x_wconf 84' lang='grc' dir='ltr'><em>ταύτην</em></span> <span class='ocrx_word' id='word_1_166' title='bbox 1246 2238 1307 2328; x_wconf 84' lang='grc' dir='ltr'><em>την</em></span> 
     </span>
     <span class='ocr_line' id='line_1_19' title="bbox 137 2335 1305 2434; baseline 0.001 -20"><span class='ocrx_word' id='word_1_167' title='bbox 137 2341 318 2414; x_wconf 88' lang='grc' dir='ltr'><em>ἀπόδοσιν·</em></span> <span class='ocrx_word' id='word_1_168' title='bbox 353 2342 386 2411; x_wconf 92' lang='grc' dir='ltr'><em>τί</em></span> <span class='ocrx_word' id='word_1_169' title='bbox 410 2344 471 2432; x_wconf 85' lang='grc' dir='ltr'><em>γὰρ</em></span> <span class='ocrx_word' id='word_1_170' title='bbox 499 2340 663 2412; x_wconf 83' lang='grc' dir='ltr'><em>κεκώλυκε</em></span> <span class='ocrx_word' id='word_1_171' title='bbox 688 2343 781 2434; x_wconf 84' lang='grc' dir='ltr'><em>παρὰ</em></span> <span class='ocrx_word' id='word_1_172' title='bbox 807 2343 846 2412; x_wconf 88' lang='grc' dir='ltr'><em>τό</em></span> <span class='ocrx_word' id='word_1_173' title='bbox 874 2339 943 2431; x_wconf 83' lang='grc' dir='ltr'><em>όριό</em></span> <span class='ocrx_word' id='word_1_174' title='bbox 969 2335 1056 2410; x_wconf 81' lang='grc' dir='ltr'><em>εἶναι</em></span> <span class='ocrx_word' id='word_1_175' title='bbox 1084 2341 1221 2432; x_wconf 87' lang='grc' dir='ltr'><em>ἐπίορον</em></span> <span class='ocrx_word' id='word_1_176' title='bbox 1248 2347 1305 2415; x_wconf 86' lang='grc' dir='ltr'><em>καί</em></span> 
     </span>
     <span class='ocr_line' id='line_1_20' title="bbox 136 2448 1306 2544; baseline 0.001 -24"><span class='ocrx_word' id='word_1_177' title='bbox 136 2451 294 2537; x_wconf 77' lang='grc' dir='ltr'><em>ἐπίουρον</em></span> <span class='ocrx_word' id='word_1_178' title='bbox 314 2451 372 2520; x_wconf 88' lang='grc' dir='ltr'><em>τόν</em></span> <span class='ocrx_word' id='word_1_179' title='bbox 387 2450 585 2538; x_wconf 84' lang='grc' dir='ltr'><em>ἐπιορῶντα,</em></span> <span class='ocrx_word' id='word_1_180' title='bbox 607 2449 803 2544; x_wconf 77' lang='grc' dir='ltr'><em>ἐψιλῶσδαι</em></span> <span class='ocrx_word' id='word_1_181' title='bbox 825 2448 862 2517; x_wconf 87' lang='grc' dir='ltr'><em>δέ</em></span> <span class='ocrx_word' id='word_1_182' title='bbox 885 2451 942 2518; x_wconf 90' lang='grc' dir='ltr'><em>διὰ</em></span> <span class='ocrx_word' id='word_1_183' title='bbox 964 2451 1024 2541; x_wconf 80' lang='grc' dir='ltr'><em>τὴν</em></span> <span class='ocrx_word' id='word_1_184' title='bbox 1047 2450 1226 2521; x_wconf 77' lang='grc' dir='ltr'><em>ἐπένθεσιν</em></span> <span class='ocrx_word' id='word_1_185' title='bbox 1246 2460 1306 2523; x_wconf 80' lang='grc' dir='ltr'><em>τοῦ</em></span> 
     </span>
     <span class='ocr_line' id='line_1_21' title="bbox 135 2561 1303 2650; baseline 0.002 -22"><span class='ocrx_word' id='word_1_186' title='bbox 135 2587 171 2641; x_wconf 90' lang='grc' dir='ltr'><em>υ,·</em></span> <span class='ocrx_word' id='word_1_187' title='bbox 202 2566 242 2646; x_wconf 86' lang='lat' dir='ltr'><em>(v.</em></span> <span class='ocrx_word' id='word_1_188' title='bbox 269 2563 360 2629; x_wconf 79' lang='lat' dir='ltr'><strong>Eust.</strong></span> <span class='ocrx_word' id='word_1_189' title='bbox 386 2586 418 2648; x_wconf 88' lang='lat' dir='ltr'><em>p.</em></span> <span class='ocrx_word' id='word_1_190' title='bbox 448 2569 516 2631; x_wconf 82' lang='grc'><strong>149.</strong></span> <span class='ocrx_word' id='word_1_191' title='bbox 563 2561 714 2648; x_wconf 89' lang='lat' dir='ltr'>Apollon.</span> <span class='ocrx_word' id='word_1_192' title='bbox 743 2562 782 2627; x_wconf 86' lang='lat' dir='ltr'><em>de</em></span> <span class='ocrx_word' id='word_1_193' title='bbox 809 2562 878 2627; x_wconf 84' lang='lat' dir='ltr'>adv.</span> <span class='ocrx_word' id='word_1_194' title='bbox 909 2566 983 2643; x_wconf 82' lang='lat'><strong>558,</strong></span> <span class='ocrx_word' id='word_1_195' title='bbox 1014 2563 1051 2630; x_wconf 86' lang='lat' dir='ltr'><em>cl.</em></span> <span class='ocrx_word' id='word_1_196' title='bbox 1076 2586 1168 2648; x_wconf 89' lang='lat' dir='ltr'>pron.</span> <span class='ocrx_word' id='word_1_197' title='bbox 1195 2588 1227 2650; x_wconf 87' lang='lat' dir='ltr'><em>p.</em></span> <span class='ocrx_word' id='word_1_198' title='bbox 1254 2573 1303 2633; x_wconf 87' lang='grc'><em>72.</em></span> 
     </span>
     <span class='ocr_line' id='line_1_22' title="bbox 136 2663 1304 2758; baseline 0 -21"><span class='ocrx_word' id='word_1_199' title='bbox 136 2664 240 2740; x_wconf 74' lang='grc' dir='ltr'><em>Τίελτ.</em></span> <span class='ocrx_word' id='word_1_200' title='bbox 263 2691 352 2757; x_wconf 82' lang='lat' dir='ltr'>exeg.</span> <span class='ocrx_word' id='word_1_201' title='bbox 374 2669 409 2737; x_wconf 83' lang='lat' dir='ltr'><em>IL</em></span> <span class='ocrx_word' id='word_1_202' title='bbox 430 2693 462 2756; x_wconf 88' lang='lat' dir='ltr'><em>p.</em></span> <span class='ocrx_word' id='word_1_203' title='bbox 484 2676 532 2739; x_wconf 93' lang='grc'><em>62.</em></span> <span class='ocrx_word' id='word_1_204' title='bbox 574 2668 680 2737; x_wconf 83' lang='lat' dir='ltr'><strong>Schol.</strong></span> <span class='ocrx_word' id='word_1_205' title='bbox 701 2669 783 2736; x_wconf 89' lang='lat' dir='ltr'>Ven.</span> <span class='ocrx_word' id='word_1_206' title='bbox 806 2664 930 2754; x_wconf 62' lang='lat'>5340)</span> <span class='ocrx_word' id='word_1_207' title='bbox 959 2667 1016 2735; x_wconf 84' lang='grc' dir='ltr'><em>καί</em></span> <span class='ocrx_word' id='word_1_208' title='bbox 1044 2663 1142 2757; x_wconf 78' lang='grc' dir='ltr'><em>ἡμεῖς</em></span> <span class='ocrx_word' id='word_1_209' title='bbox 1168 2667 1205 2737; x_wconf 87' lang='grc' dir='ltr'><em>δέ</em></span> <span class='ocrx_word' id='word_1_210' title='bbox 1226 2692 1304 2758; x_wconf 88' lang='grc' dir='ltr'><em>συγ-</em></span> 
     </span>
     <span class='ocr_line' id='line_1_23' title="bbox 136 2771 1049 2860; baseline -0.002 -17"><span class='ocrx_word' id='word_1_211' title='bbox 136 2773 393 2860; x_wconf 74' lang='grc' dir='ltr'><em>κατατιθέμεόα</em></span> <span class='ocrx_word' id='word_1_212' title='bbox 413 2771 551 2855; x_wconf 81' lang='grc' dir='ltr'><em>τούτοις.</em></span> <span class='ocrx_word' id='word_1_213' title='bbox 586 2777 763 2843; x_wconf 82' lang='lat' dir='ltr'>Herodiani</span> <span class='ocrx_word' id='word_1_214' title='bbox 783 2777 881 2843; x_wconf 82' lang='lat' dir='ltr'>verba</span> <span class='ocrx_word' id='word_1_215' title='bbox 902 2780 986 2844; x_wconf 74' lang='lat' dir='ltr'>sunt.</span> <span class='ocrx_word' id='word_1_216' title='bbox 1009 2815 1049 2826; x_wconf 92' lang='lat'><em>-</em></span> 
     </span>
    </p>

    <p class='ocr_par' dir='ltr' id='par_1_5' title="bbox 133 2877 1369 3490">
     <span class='ocr_line' id='line_1_24' title="bbox 221 2877 1301 2974; baseline 0.004 -24"><span class='ocrx_word' id='word_1_217' title='bbox 221 2890 253 2950; x_wconf 80' lang='grc' dir='ltr'><em>Φ</em></span> <span class='ocrx_word' id='word_1_218' title='bbox 274 2892 334 2953; x_wconf 89' lang='grc'><em>262</em></span> <span class='ocrx_word' id='word_1_219' title='bbox 357 2877 454 2972; x_wconf 83' lang='grc' dir='ltr'><em>χώρῳ</em></span> <span class='ocrx_word' id='word_1_220' title='bbox 481 2881 530 2951; x_wconf 81' lang='grc' dir='ltr'><em>ἐνί</em></span> <span class='ocrx_word' id='word_1_221' title='bbox 556 2883 715 2971; x_wconf 78' lang='grc' dir='ltr'><em>προαλεῖι</em></span> <span class='ocrx_word' id='word_1_222' title='bbox 749 2880 837 2961; x_wconf 86' lang='grc' dir='ltr'><em>τινές</em></span> <span class='ocrx_word' id='word_1_223' title='bbox 865 2879 1028 2949; x_wconf 85' lang='grc' dir='ltr'><em>ἐδόσυναν</em></span> <span class='ocrx_word' id='word_1_224' title='bbox 1051 2883 1090 2953; x_wconf 90' lang='grc' dir='ltr'><em>τό</em></span> <span class='ocrx_word' id='word_1_225' title='bbox 1112 2887 1301 2974; x_wconf 81' lang='grc' dir='ltr'><em>προαλεῖ,</em></span> 
     </span>
     <span class='ocr_line' id='line_1_25' title="bbox 134 2987 1304 3120; baseline 0.003 -61"><span class='ocrx_word' id='word_1_226' title='bbox 134 2991 228 3083; x_wconf 87' lang='grc' dir='ltr'><em>παρὰ</em></span> <span class='ocrx_word' id='word_1_227' title='bbox 256 2990 294 3059; x_wconf 90' lang='grc' dir='ltr'><em>τὸ</em></span> <span class='ocrx_word' id='word_1_228' title='bbox 323 2987 492 3058; x_wconf 74' lang='grc' dir='ltr'><em>ἅλλεσθαι</em></span> <span class='ocrx_word' id='word_1_229' title='bbox 518 2987 729 3076; x_wconf 86' lang='grc' dir='ltr'><em>ἐκδεχόμενοι</em></span> <span class='ocrx_word' id='word_1_230' title='bbox 753 2989 811 3059; x_wconf 86' lang='grc' dir='ltr'><em>τόν</em></span> <span class='ocrx_word' id='word_1_231' title='bbox 812 2987 1065 3120; x_wconf 86' lang='grc' dir='ltr'><em>σχηματισμόν.</em></span> <span class='ocrx_word' id='word_1_232' title='bbox 1110 2987 1245 3078; x_wconf 82' lang='grc' dir='ltr'><em>ἀμεινσν</em></span> <span class='ocrx_word' id='word_1_233' title='bbox 1267 2993 1304 3063; x_wconf 84' lang='grc' dir='ltr'><em>δέ</em></span> 
     </span>
     <span class='ocr_line' id='line_1_26' title="bbox 134 3092 1370 3191; baseline 0.003 -24"><span class='ocrx_word' id='word_1_234' title='bbox 134 3093 328 3191; x_wconf 57' lang='grc' dir='ltr'><em>ψιλοόν,(</em></span> <span class='ocrx_word' id='word_1_235' title='bbox 304 3123 349 3178; x_wconf 92' lang='grc' dir='ltr'><em>ως</em></span> <span class='ocrx_word' id='word_1_236' title='bbox 368 3098 426 3166; x_wconf 86' lang='grc' dir='ltr'><em>καί</em></span> <span class='ocrx_word' id='word_1_237' title='bbox 447 3125 465 3166; x_wconf 95' lang='grc' dir='ltr'><em>ο</em></span> <span class='ocrx_word' id='word_1_238' title='bbox 453 3092 741 3188; x_wconf 51' lang='grc' dir='ltr'><em>’Ἀσκαλωνίτης</em></span> <span class='ocrx_word' id='word_1_239' title='bbox 772 3092 910 3187; x_wconf 88' lang='grc' dir='ltr'><em>φάσκιυν</em></span> <span class='ocrx_word' id='word_1_240' title='bbox 937 3093 1007 3168; x_wconf 89' lang='grc' dir='ltr'><em>ἀπὸ</em></span> <span class='ocrx_word' id='word_1_241' title='bbox 1036 3106 1096 3168; x_wconf 83' lang='grc' dir='ltr'><em>τοῦ</em></span> <span class='ocrx_word' id='word_1_242' title='bbox 1123 3097 1370 3187; x_wconf 74' lang='grc' dir='ltr'><em>ἀλίζεσόαι</em></span> 
     </span>
     <span class='ocr_line' id='line_1_27' title="bbox 134 3199 1369 3298; baseline 0.005 -24"><span class='ocrx_word' id='word_1_243' title='bbox 134 3210 350 3296; x_wconf 78' lang='grc' dir='ltr'><em>γεγενησθαι,</em></span> <span class='ocrx_word' id='word_1_244' title='bbox 374 3203 541 3275; x_wconf 84' lang='grc' dir='ltr'><em>τουτέστιν</em></span> <span class='ocrx_word' id='word_1_245' title='bbox 563 3199 860 3292; x_wconf 72' lang='grc' dir='ltr'><em>ἀθροίζεσθαι,“</em></span> <span class='ocrx_word' id='word_1_246' title='bbox 831 3231 915 3274; x_wconf 89' lang='grc' dir='ltr'><em>ωστε</em></span> <span class='ocrx_word' id='word_1_247' title='bbox 936 3205 1215 3298; x_wconf 74' lang='grc' dir='ltr'><em>σημαίνεσθαι</em></span> <span class='ocrx_word' id='word_1_248' title='bbox 1182 3236 1220 3278; x_wconf 88' lang='grc' dir='ltr'><em>το</em></span> <span class='ocrx_word' id='word_1_249' title='bbox 1241 3237 1302 3278; x_wconf 95' lang='grc' dir='ltr'><em>κα-</em></span> <span class='ocrx_word' id='word_1_250' title='bbox 1320 3228 1369 3282; x_wconf 80' lang='grc'><strong>314</strong></span> 
     </span>
     <span class='ocr_line' id='line_1_28' title="bbox 133 3313 1301 3407; baseline 0.003 -24"><span class='ocrx_word' id='word_1_251' title='bbox 133 3339 267 3406; x_wconf 88' lang='grc' dir='ltr'><em>τωφερη</em></span> <span class='ocrx_word' id='word_1_252' title='bbox 292 3317 336 3403; x_wconf 84' lang='lat' dir='ltr'><em>&lt;v</em></span> <span class='ocrx_word' id='word_1_253' title='bbox 357 3315 465 3382; x_wconf 84' lang='lat' dir='ltr'>Lehrs.</span> <span class='ocrx_word' id='word_1_254' title='bbox 480 3315 601 3382; x_wconf 86' lang='lat' dir='ltr'><strong>Herod.</strong></span> <span class='ocrx_word' id='word_1_255' title='bbox 622 3339 654 3402; x_wconf 90' lang='lat' dir='ltr'><em>p.</em></span> <span class='ocrx_word' id='word_1_256' title='bbox 670 3316 756 3402; x_wconf 79' lang='grc'><strong>321).</strong></span> <span class='ocrx_word' id='word_1_257' title='bbox 793 3313 851 3382; x_wconf 88' lang='grc' dir='ltr'><em>καὶ</em></span> <span class='ocrx_word' id='word_1_258' title='bbox 872 3313 933 3403; x_wconf 83' lang='grc' dir='ltr'><em>γὰρ</em></span> <span class='ocrx_word' id='word_1_259' title='bbox 953 3320 1013 3383; x_wconf 83' lang='grc' dir='ltr'><em>τοῦ</em></span> <span class='ocrx_word' id='word_1_260' title='bbox 1032 3314 1154 3407; x_wconf 89' lang='grc' dir='ltr'><em>χωρίου</em></span> <span class='ocrx_word' id='word_1_261' title='bbox 1178 3316 1245 3386; x_wconf 83' lang='grc' dir='ltr'><em>ἐστὶ</em></span> <span class='ocrx_word' id='word_1_262' title='bbox 1264 3319 1301 3388; x_wconf 91' lang='grc' dir='ltr'><em>τό</em></span> 
     </span>
     <span class='ocr_line' id='line_1_29' title="bbox 134 3419 366 3490; baseline -0.013 0"><span class='ocrx_word' id='word_1_263' title='bbox 134 3419 304 3490; x_wconf 76' lang='grc' dir='ltr'><em>ἐπίθετον.</em></span> <span class='ocrx_word' id='word_1_264' title='bbox 325 3463 366 3472; x_wconf 88' lang='grc'><strong>-</strong></span> 
     </span>
    </p>

    <p class='ocr_par' dir='ltr' id='par_1_6' title="bbox 132 3522 1305 4482">
     <span class='ocr_line' id='line_1_30' title="bbox 219 3522 1305 3621; baseline 0.007 -26"><span class='ocrx_word' id='word_1_265' title='bbox 219 3555 244 3614; x_wconf 92' lang='grc' dir='ltr'><em>μ</em></span> <span class='ocrx_word' id='word_1_266' title='bbox 267 3537 306 3601; x_wconf 81' lang='grc'><em>89</em></span> <span class='ocrx_word' id='word_1_267' title='bbox 327 3534 387 3619; x_wconf 82' lang='grc' dir='ltr'><em>της</em></span> <span class='ocrx_word' id='word_1_268' title='bbox 406 3523 484 3619; x_wconf 80' lang='grc' dir='ltr'><em>η’τοι</em></span> <span class='ocrx_word' id='word_1_269' title='bbox 505 3522 610 3608; x_wconf 86' lang='grc' dir='ltr'><em>πόδες</em></span> <span class='ocrx_word' id='word_1_270' title='bbox 631 3523 695 3597; x_wconf 82' lang='grc' dir='ltr'><em>εἶσὶ</em></span> <span class='ocrx_word' id='word_1_271' title='bbox 719 3527 868 3597; x_wconf 89' lang='grc' dir='ltr'><em>δυώδεκα</em></span> <span class='ocrx_word' id='word_1_272' title='bbox 889 3526 1012 3611; x_wconf 78' lang='grc' dir='ltr'><em>πάντες</em></span> <span class='ocrx_word' id='word_1_273' title='bbox 1033 3527 1156 3620; x_wconf 70' lang='grc' dir='ltr'><em>ἀωροιε</em></span> <span class='ocrx_word' id='word_1_274' title='bbox 1176 3529 1305 3621; x_wconf 83' lang='grc' dir='ltr'><em>ἀωρος</em></span> 
     </span>
     <span class='ocr_line' id='line_1_31' title="bbox 135 3637 1303 3732; baseline 0.003 -24"><span class='ocrx_word' id='word_1_275' title='bbox 135 3641 281 3708; x_wconf 77' lang='lat' dir='ltr'>derivant</span> <span class='ocrx_word' id='word_1_276' title='bbox 302 3640 463 3722; x_wconf 89' lang='lat' dir='ltr'>nonnulli,</span> <span class='ocrx_word' id='word_1_277' title='bbox 484 3644 522 3708; x_wconf 78' lang='lat' dir='ltr'><em>ut</em></span> <span class='ocrx_word' id='word_1_278' title='bbox 541 3639 733 3706; x_wconf 75' lang='lat' dir='ltr'><strong>Eustathius</strong></span> <span class='ocrx_word' id='word_1_279' title='bbox 755 3642 800 3706; x_wconf 75' lang='lat' dir='ltr'><em>ait</em></span> <span class='ocrx_word' id='word_1_280' title='bbox 821 3641 866 3727; x_wconf 74' lang='lat' dir='ltr'><em>(p.</em></span> <span class='ocrx_word' id='word_1_281' title='bbox 891 3649 978 3722; x_wconf 86' lang='grc'><strong>1715,</strong></span> <span class='ocrx_word' id='word_1_282' title='bbox 1003 3643 1065 3728; x_wconf 85' lang='grc'><em>18&gt;,</em></span> <span class='ocrx_word' id='word_1_283' title='bbox 1088 3647 1128 3711; x_wconf 83' lang='lat' dir='ltr'><em>ab</em></span> <span class='ocrx_word' id='word_1_284' title='bbox 1150 3637 1247 3732; x_wconf 87' lang='grc' dir='ltr'><em>ώρεῖν</em></span> <span class='ocrx_word' id='word_1_285' title='bbox 1265 3644 1303 3712; x_wconf 86' lang='grc' dir='ltr'><em>τὸ</em></span> 
     </span>
     <span class='ocr_line' id='line_1_32' title="bbox 134 3739 1300 3836; baseline 0.005 -23"><span class='ocrx_word' id='word_1_286' title='bbox 134 3739 329 3836; x_wconf 88' lang='grc' dir='ltr'><em>φυλάσσειν,</em></span> <span class='ocrx_word' id='word_1_287' title='bbox 353 3747 410 3813; x_wconf 77' lang='lat' dir='ltr'>alii</span> <span class='ocrx_word' id='word_1_288' title='bbox 433 3747 542 3816; x_wconf 78' lang='lat' dir='ltr'>aliter:</span> <span class='ocrx_word' id='word_1_289' title='bbox 562 3741 647 3814; x_wconf 83' lang='grc' dir='ltr'><em>ένιοι</em></span> <span class='ocrx_word' id='word_1_290' title='bbox 669 3744 717 3827; x_wconf 89' lang='grc' dir='ltr'><em>δέ,</em></span> <span class='ocrx_word' id='word_1_291' title='bbox 741 3770 836 3836; x_wconf 93' lang='grc' dir='ltr'><em>φασι,</em></span> <span class='ocrx_word' id='word_1_292' title='bbox 861 3744 988 3827; x_wconf 87' lang='grc' dir='ltr'><em>δασέως</em></span> <span class='ocrx_word' id='word_1_293' title='bbox 1010 3743 1300 3836; x_wconf 86' lang='grc' dir='ltr'><em>ἀναγινώσκουσιν,</em></span> 
     </span>
     <span class='ocr_line' id='line_1_33' title="bbox 134 3845 1304 3949; baseline 0.004 -27"><span class='ocrx_word' id='word_1_294' title='bbox 134 3857 189 3922; x_wconf 81' lang='grc' dir='ltr'><em>ἵνα</em></span> <span class='ocrx_word' id='word_1_295' title='bbox 210 3845 275 3921; x_wconf 84' lang='grc' dir='ltr'><em>εἷεν</em></span> <span class='ocrx_word' id='word_1_296' title='bbox 297 3847 404 3941; x_wconf 81' lang='grc' dir='ltr'><em>ἀωροι</em></span> <span class='ocrx_word' id='word_1_297' title='bbox 426 3848 459 3920; x_wconf 76' lang='grc' dir='ltr'><em>οἱ</em></span> <span class='ocrx_word' id='word_1_298' title='bbox 480 3847 567 3937; x_wconf 83' lang='grc' dir='ltr'><em>ώμοί</em></span> <span class='ocrx_word' id='word_1_299' title='bbox 588 3852 645 3921; x_wconf 83' lang='grc' dir='ltr'><em>καί</em></span> <span class='ocrx_word' id='word_1_300' title='bbox 666 3852 803 3942; x_wconf 85' lang='grc' dir='ltr'><em>σκληροὶ</em></span> <span class='ocrx_word' id='word_1_301' title='bbox 824 3852 880 3921; x_wconf 82' lang='grc' dir='ltr'><em>καί</em></span> <span class='ocrx_word' id='word_1_302' title='bbox 901 3849 1027 3942; x_wconf 84' lang='grc' dir='ltr'><em>ἀγριοι,</em></span> <span class='ocrx_word' id='word_1_303' title='bbox 1051 3855 1088 3924; x_wconf 77' lang='grc' dir='ltr'><em>ἐκ</em></span> <span class='ocrx_word' id='word_1_304' title='bbox 1110 3865 1304 3949; x_wconf 85' lang='grc' dir='ltr'><em>μεταφορᾶς</em></span> 
     </span>
     <span class='ocr_line' id='line_1_34' title="bbox 133 3954 1302 4052; baseline 0.003 -24"><span class='ocrx_word' id='word_1_305' title='bbox 133 3967 198 4030; x_wconf 84' lang='grc' dir='ltr'><em>τών</em></span> <span class='ocrx_word' id='word_1_306' title='bbox 213 3956 331 4049; x_wconf 91' lang='grc' dir='ltr'><em>ἀώρων</em></span> <span class='ocrx_word' id='word_1_307' title='bbox 344 3959 400 4028; x_wconf 81' lang='grc' dir='ltr'><em>καὶ</em></span> <span class='ocrx_word' id='word_1_308' title='bbox 421 3959 466 4049; x_wconf 85' lang='grc' dir='ltr'><em>μὴ</em></span> <span class='ocrx_word' id='word_1_309' title='bbox 490 3954 648 4030; x_wconf 87' lang='grc' dir='ltr'><em>πεπόνων</em></span> <span class='ocrx_word' id='word_1_310' title='bbox 668 3956 747 4050; x_wconf 79' lang='grc' dir='ltr'><em>η’τοι</em></span> <span class='ocrx_word' id='word_1_311' title='bbox 768 3958 936 4047; x_wconf 89' lang='grc' dir='ltr'><em>πεπείρων</em></span> <span class='ocrx_word' id='word_1_312' title='bbox 957 3969 1103 4050; x_wconf 83' lang='grc' dir='ltr'><em>καρπῶν.</em></span> <span class='ocrx_word' id='word_1_313' title='bbox 1133 3961 1218 4032; x_wconf 71' lang='grc' dir='ltr'><em>ἔνθα</em></span> <span class='ocrx_word' id='word_1_314' title='bbox 1240 3964 1302 4052; x_wconf 88' lang='grc' dir='ltr'><em>όρα</em></span> 
     </span>
     <span class='ocr_line' id='line_1_35' title="bbox 133 4063 1302 4158; baseline 0.001 -21"><span class='ocrx_word' id='word_1_315' title='bbox 133 4067 171 4137; x_wconf 88' lang='grc' dir='ltr'><em>τό</em></span> <span class='ocrx_word' id='word_1_316' title='bbox 194 4066 323 4147; x_wconf 88' lang='grc' dir='ltr'><em>δασέως</em></span> <span class='ocrx_word' id='word_1_317' title='bbox 343 4063 622 4155; x_wconf 77' lang='grc' dir='ltr'><em>ἀναγινώσκουσιν</em></span> <span class='ocrx_word' id='word_1_318' title='bbox 648 4063 694 4148; x_wconf 74' lang='grc' dir='ltr'><em>τός</em></span> <span class='ocrx_word' id='word_1_319' title='bbox 713 4074 772 4137; x_wconf 83' lang='grc' dir='ltr'><em>τοῦ</em></span> <span class='ocrx_word' id='word_1_320' title='bbox 797 4097 823 4137; x_wconf 93' lang='grc' dir='ltr'><em>ω</em></span> <span class='ocrx_word' id='word_1_321' title='bbox 844 4065 992 4157; x_wconf 87' lang='grc' dir='ltr'><em>μεγάλου</em></span> <span class='ocrx_word' id='word_1_322' title='bbox 1018 4069 1165 4140; x_wconf 76' lang='grc' dir='ltr'><em>ἐνταῦθα</em></span> <span class='ocrx_word' id='word_1_323' title='bbox 1187 4071 1223 4141; x_wconf 84' lang='grc' dir='ltr'><em>ἐν</em></span> <span class='ocrx_word' id='word_1_324' title='bbox 1242 4072 1302 4158; x_wconf 82' lang='grc' dir='ltr'><em>μέν</em></span> 
     </span>
     <span class='ocr_line' id='line_1_36' title="bbox 133 4172 1301 4270; baseline 0.003 -26"><span class='ocrx_word' id='word_1_325' title='bbox 133 4182 207 4257; x_wconf 81' lang='grc' dir='ltr'><em>ταῖς</em></span> <span class='ocrx_word' id='word_1_326' title='bbox 232 4172 352 4257; x_wconf 84' lang='grc' dir='ltr'><em>ἀλλοις</em></span> <span class='ocrx_word' id='word_1_327' title='bbox 376 4173 562 4266; x_wconf 71' lang='grc' dir='ltr'><em>ἑρμηνείαις</em></span> <span class='ocrx_word' id='word_1_328' title='bbox 582 4174 800 4268; x_wconf 78' lang='grc' dir='ltr'><em>φιλουμένου,</em></span> <span class='ocrx_word' id='word_1_329' title='bbox 825 4177 860 4244; x_wconf 77' lang='grc' dir='ltr'><em>ἐν</em></span> <span class='ocrx_word' id='word_1_330' title='bbox 882 4177 918 4245; x_wconf 86' lang='grc' dir='ltr'><em>δέ</em></span> <span class='ocrx_word' id='word_1_331' title='bbox 939 4184 978 4270; x_wconf 77' lang='grc' dir='ltr'><em>τῇ</em></span> <span class='ocrx_word' id='word_1_332' title='bbox 999 4176 1139 4270; x_wconf 79' lang='grc' dir='ltr'><em>ῥηθείσῃ</em></span> <span class='ocrx_word' id='word_1_333' title='bbox 1162 4181 1301 4248; x_wconf 90' lang='grc' dir='ltr'><em>δασυνο-</em></span> 
     </span>
     <span class='ocr_line' id='line_1_37' title="bbox 132 4277 1300 4373; baseline -0.001 -21"><span class='ocrx_word' id='word_1_334' title='bbox 132 4283 234 4370; x_wconf 86' lang='grc' dir='ltr'><em>μένσυ</em></span> <span class='ocrx_word' id='word_1_335' title='bbox 256 4285 313 4353; x_wconf 88' lang='grc' dir='ltr'><em>διδι</em></span> <span class='ocrx_word' id='word_1_336' title='bbox 337 4284 397 4373; x_wconf 78' lang='grc' dir='ltr'><em>τὴν</em></span> <span class='ocrx_word' id='word_1_337' title='bbox 418 4282 521 4372; x_wconf 82' lang='grc' dir='ltr'><em>ιῖίραν,</em></span> <span class='ocrx_word' id='word_1_338' title='bbox 549 4277 573 4372; x_wconf 69' lang='grc' dir='ltr'><em>η’</em></span> <span class='ocrx_word' id='word_1_339' title='bbox 596 4286 693 4372; x_wconf 88' lang='grc' dir='ltr'><em>δηλοῖ</em></span> <span class='ocrx_word' id='word_1_340' title='bbox 712 4284 769 4351; x_wconf 88' lang='grc' dir='ltr'><em>τόν</em></span> <span class='ocrx_word' id='word_1_341' title='bbox 790 4282 916 4370; x_wconf 91' lang='grc' dir='ltr'><em>καιρόν.</em></span> <span class='ocrx_word' id='word_1_342' title='bbox 960 4285 1014 4354; x_wconf 85' lang='grc' dir='ltr'><em>ότι</em></span> <span class='ocrx_word' id='word_1_343' title='bbox 1041 4286 1078 4355; x_wconf 85' lang='grc' dir='ltr'><em>δέ</em></span> <span class='ocrx_word' id='word_1_344' title='bbox 1104 4284 1137 4355; x_wconf 79' lang='grc' dir='ltr'><em>οἱ</em></span> <span class='ocrx_word' id='word_1_345' title='bbox 1158 4285 1300 4354; x_wconf 87' lang='grc' dir='ltr'><em>παλαιοί</em></span> 
     </span>
     <span class='ocr_line' id='line_1_38' title="bbox 134 4386 1299 4482; baseline 0.001 -22"><span class='ocrx_word' id='word_1_346' title='bbox 134 4390 272 4482; x_wconf 82' lang='grc' dir='ltr'><em>ἐνμέσῳ</em></span> <span class='ocrx_word' id='word_1_347' title='bbox 288 4391 407 4474; x_wconf 83' lang='grc' dir='ltr'><em>λέξεων</em></span> <span class='ocrx_word' id='word_1_348' title='bbox 426 4386 663 4477; x_wconf 84' lang='grc' dir='ltr'><em>ἐπνευμάτιζσν</em></span> <span class='ocrx_word' id='word_1_349' title='bbox 682 4393 723 4458; x_wconf 84' lang='grc' dir='ltr'><em>τὰ</em></span> <span class='ocrx_word' id='word_1_350' title='bbox 747 4389 930 4481; x_wconf 76' lang='grc' dir='ltr'><em>φωνήεντα,</em></span> <span class='ocrx_word' id='word_1_351' title='bbox 954 4395 1011 4463; x_wconf 86' lang='grc' dir='ltr'><em>καί</em></span> <span class='ocrx_word' id='word_1_352' title='bbox 1031 4391 1051 4482; x_wconf 81' lang='grc' dir='ltr'><em>ἦ</em></span> <span class='ocrx_word' id='word_1_353' title='bbox 1074 4390 1174 4473; x_wconf 83' lang='grc' dir='ltr'><em>Ἰλιὰς</em></span> <span class='ocrx_word' id='word_1_354' title='bbox 1195 4393 1299 4481; x_wconf 79' lang='grc' dir='ltr'><em>δηλοῖ.</em></span> 
     </span>
    </p>
   </div>
   <div class='ocr_carea' id='block_1_3' title="bbox 0 0 1508 4980">
    <p class='ocr_par' dir='ltr' id='par_1_7' title="bbox 0 0 1508 4980">
     <span class='ocr_line' id='line_1_39' title="bbox 0 0 1508 4980; baseline 0 2"><span class='ocrx_word' id='word_1_355' title='bbox 0 0 1508 4980; x_wconf 95' lang='lat' dir='ltr'><em> </em></span> 
     </span>
    </p>
   </div>
  </div>
 </body>
</html>
