3008 4980
217 332 274 392 100
295 324 329 378 II.
354 322 396 378 De
416 322 593 378 Aristarchea
609 322 807 378 vocabulorum
826 323 1036 378 Homericorum
1052 323 1298 395 interpretatione.

214 491 418 556 Aristarchus
441 491 544 557 voluit
565 493 719 575 „stabat“,
744 514 785 555 an
805 494 916 557 στεῦτο
939 488 976 555 δὲ
993 484 1129 582 διψάων
1149 488 1385 577 perseverabat,

213 598 378 681 perstabat
405 601 530 683 sitiens,
562 621 595 663 er
621 601 783 664 verharrte
809 601 854 665 im
879 600 1008 665 Durste.
1058 598 1148 678 Quae
1180 604 1292 665 tamen
1316 597 1386 680 ipsa

151 712 199 762 100
217 705 409 791 significatio
435 729 501 772 non
530 707 641 772 eadem
672 712 721 772 est
747 730 819 772 cum
845 707 977 792 reliquis
1003 706 1093 772 locis.
1143 706 1231 773 Nam
1262 707 1298 769 in
1322 702 1385 768 illis

215 814 411 880 habebamus
431 815 700 900 perseverantiam
722 814 864 893 actionis,
884 815 937 879 hic
954 815 1122 899 passionis.
1143 851 1185 860 —

297 922 377 987 Cum
391 929 503 989 nostro
522 924 634 987 occire
650 922 800 986 Latinum
814 923 978 1002 ‚,studcre“
992 945 1095 1007 nuper
1106 921 1277 987 coniunxit
1292 920 1385 985 Gors-

215 1032 322 1096 senius
339 1032 412 1097 init.
435 1032 587 1117 Beitriige
608 1054 640 1115 p.
666 1036 732 1097 113.
1182 1016 1185 1022 ⁴

688 1400 718 1460 Γ
721 1392 912 1481 εγωνέμεν

548 1564 594 1613 eat
610 1550 794 1632 ‚,clumare“,
816 1571 877 1612 νων
898 1547 1050 1632 „diceret

301 1717 404 1781 (9223
419 1710 505 1799 πρὸς
524 1710 562 1779 τὸ
585 1709 773 1798 γεγωνέμεν,
796 1709 847 1781 ὅτι
871 1706 907 1778 οὐ
932 1713 1044 1800 ψιλῶς
1064 1709 1134 1778 ε’στι
1156 1712 1291 1800 φωνεῖν,
1314 1704 1386 1776 ἀλλ’

215 1816 378 1888 ἀκουστὸν
400 1817 625 1910 φθέγγεσθαι.
665 1821 771 1887 Huius
800 1823 1032 1888 observationis
1060 1822 1177 1906 duplex
1197 1820 1387 1885 Aristarcho

216 1954 311 1997 causa
330 1929 406 2009 fuit,
435 1930 574 2014 primum
602 1931 689 2014 quod
709 1931 903 1996 recentiores
924 1934 1039 2016 poetae
1061 1929 1240 2014 simplicem
1262 1928 1388 1994 dicendi

216 2038 382 2102 notionem
397 2039 553 2104 vocabulo
576 2038 759 2117 subiiciunt,
781 2062 806 2104 e.
821 2061 851 2124 g.
866 2039 981 2124 tragici
996 2040 1036 2122 (v.
1056 2061 1082 2103 e.
1097 2059 1129 2121 g.
1147 2036 1263 2101 Aesch
1280 2036 1387 2101 Prom.

217 2152 285 2214 193.
325 2145 424 2231 Soph.
445 2145 583 2213 Philoct.
605 2146 730 2229 23852)‚
754 2147 867 2212 deinde
889 2150 1021 2232 propter
1040 2167 1168 2210 versum
1189 2167 1207 2227 ρ
1233 2150 1309 2228 161,
1333 2144 1388 2229 qui

216 2254 342 2338 spurius
358 2259 454 2319 estet
474 2277 532 2338 pro
556 2255 664 2338 spurio
682 2254 811 2339 agnitus
834 2260 867 2318 et
888 2254 959 2319 aliis
980 2253 1084 2319 causis
1106 2256 1139 2317 et
1161 2253 1249 2337 quod
1270 2245 1389 2336 ἐγεγώ-

216 2383 287 2424 νευν
314 2362 340 2426 si
369 2361 507 2426 clamare
528 2362 748 2446 interpreteris
776 2383 814 2425 eo
836 2361 908 2425 loco
930 2362 1076 2446 ineptum
1098 2365 1224 2426 estnec
1245 2359 1389 2443 reliquae

216 2470 393 2535 narrationi
416 2470 609 2535 couveniens
633 2475 672 2548 (v.
696 2492 713 2532 o
737 2471 855 2551 525).⁵³

683 2672 914 2681 ———-—-

741 2833 862 2923 Μῆλον

518 2989 607 3075 apud
625 2989 799 3052 Homerum
818 3011 888 3052 oues
909 3000 939 3051 ct
960 3010 1083 3070 εωρνσε.

299 3157 333 3215 Κ
345 3159 405 3222 485
428 3150 481 3218 ὅτι
500 3153 591 3242 μῆλα
613 3147 645 3217 oi
667 3148 816 3239 νεώτεροι
838 3156 879 3235 (ν.
893 3151 1058 3236 Aristoph.
1080 3172 1211 3236 gramm
1231 3175 1281 3237 ap.
1294 3153 1387 3221 Eust.

215 3284 246 3345 p.
263 3267 332 3341 877,
346 3270 394 3329 51.
421 3267 508 3343 1648,
522 3264 575 3345 61)
595 3253 706 3324 πάντα
723 3257 764 3324 τὰ
778 3252 978 3345 τετράποδα,
996 3256 1144 3345 Ὅμηρος
1162 3254 1198 3323 δὲ
1220 3249 1319 3343 αἶγας
1332 3258 1388 3325 καί

217 3363 275 3445 ὄϊς.
311 3375 372 3437 486
393 3363 424 3455 (ἡ
450 3367 567 3458 διπλῇ)
590 3366 643 3436 ὅτι
666 3364 871 3455 ἒπεξηγεῖσαι
891 3361 965 3432 τίνα
985 3362 1026 3430 σὰ
1046 3366 1146 3455 μῆλα.

216 3531 425 3540 ———

282 3621 307 3662 ⁵2
325 3619 370 3676 Sic
394 3614 457 3690 ἴαχε
475 3618 629 3690 simplicem
647 3618 759 3674 dicendi
776 3618 920 3674 notionem
936 3616 1044 3682 induit,
1063 3635 1089 3676 v.
1110 3616 1246 3671 Schrader
1263 3614 1300 3671 ad
1318 3617 1387 3673 Mus

215 3722 241 3762 v.
260 3709 318 3760 267.

281 3791 307 3833 5³
325 3789 405 3856 Quod
425 3789 612 3844 Buttmannus
639 3789 669 3843 in
696 3787 801 3842 scholio
827 3783 853 3859 λλ
875 3787 936 3842 vult
959 3803 1010 3856 pro
1035 3781 1073 3857 ιβ’
1094 3787 1123 3840 et
1146 3782 1200 3841 οὐκ
1223 3786 1298 3841 delet
1321 3789 1388 3843 ante

216 3867 344 3946 ἀκαίρως
365 3875 418 3929 hoc
440 3875 602 3945 probamus:
634 3874 711 3942 quod
735 3871 881 3928 εἰσελθεῖν
902 3868 935 3927 ἐν
952 3875 989 3941 τῇ
1006 3866 1270 3940 cplinterpretatur
1287 3887 1388 3926 navem

216 3961 365 4016 ascendere
378 3958 600 4026 scholiastaequc
612 3957 819 4024 „confusionem
831 3954 970 4024 reliquit“,
987 3953 1186 4023 improbamus.
1215 3953 1308 4009 Verba
1319 3956 1389 4025 πρὶν

217 4042 364 4099 εἰσελθεῖν
381 4040 413 4099 ἐν
431 4047 467 4113 τῇ
484 4039 536 4113 νηῖ·
547 4042 648 4098 mul—ila
665 4044 737 4107 sunt,
755 4041 871 4096 fortasse
889 4041 929 4095 sic
946 4039 1131 4094 restituenda:
1155 4040 1225 4108 πρὶν
1242 4035 1389 4095 εἰσελθεῖν

217 4129 262 4198 (sc.
282 4128 325 4193 εἰς
342 4120 425 4200 ἄστυ)
444 4119 499 4182 οὖν
516 4124 549 4183 ἐν
565 4131 602 4197 τῇ
623 4124 676 4197 νηΐ.
716 4124 846 4181 Scholion
864 4127 887 4179 Δ
905 4129 954 4180 208
973 4124 1016 4196 (ut
1035 4122 1089 4177 hcc
1108 4140 1238 4179 moneam
1254 4121 1284 4176 in
1301 4124 1387 4177 trans

217 4214 306 4285 cursu)
329 4230 387 4269 non
409 4211 446 4268 ad
468 4210 543 4267 hunc
566 4210 659 4267 locum
680 4209 815 4281 pertinet,
839 4211 872 4265 ut
888 4209 1015 4264 Beklrero
1037 4209 1139 4275 visum,
1161 4206 1209 4263 sed
1231 4207 1268 4261 ad
1289 4207 1316 4260 Γ
1329 4213 1386 4264 391.

216 4299 378 4370 Legendum
394 4296 482 4368 igitur
497 4290 594 4352 εἴκοσι
612 4300 691 4366 τρεῖς
707 4311 758 4365 pro
777 4287 880 4351 εἴκοσι.

688 4435 919 4446 ,-.-----
