3008 4980
513 329 536 382 3.
566 321 689 391 ἐξαῦτις.
710 319 793 396 τοίχα.
818 316 864 390 ὦς.
887 313 946 382 dtr.

223 480 327 575 αὐτὰρ
349 491 447 568 θεῖος
469 483 588 570 ἀοιδὸς
608 486 690 572 ἔχων
710 488 880 581 φόρμιγγα
903 489 1030 577 λίγειαν

221 589 302 681 ἡμῖν
320 589 470 682 ἡγείσθω
494 594 763 688 φιλοπαίγμονος
785 595 981 687 ὀρχηθμοῖο,
1023 611 1029 626 ·

222 698 268 781 ὥς
288 699 344 770 κίν
364 728 416 782 τις
437 702 522 793 φαίη
544 703 649 792 γοίμον
671 704 809 791 ἔμμεναι
830 704 925 786 ἐκτὸς
944 700 1085 786 ἇκοίων,

134 833 193 892 „ea
219 812 344 879 ratione
372 837 436 899 qua
462 816 534 899 quis
562 816 702 885 dixerit“.
747 817 841 895 Quod
867 840 939 883 oum
965 820 1104 902 negatur
1128 815 1165 880 fit
1187 807 1232 890 ὡς
1253 807 1312 879 οὐκ

136 911 185 986 ίίν.
229 919 283 986 Sic
310 922 516 1007 explicandus
540 946 651 990 versus
683 926 711 988 3
737 930 797 993 239
824 915 870 1001 τίς
895 917 936 988 dv
960 922 1023 1010 σὴν
1048 916 1168 1009 ἀρετὴν
1194 919 1313 1009 βροτὸς

136 1019 229 1104 ον’ίνις
256 1020 378 1094 ίίνοιτο.
431 1028 522 1116 „Ipse
548 1032 722 1116 profiteris,
749 1034 884 1117 hospes,
912 1034 996 1098 velle
1023 1035 1056 1096 te
1084 1031 1210 1096 virtutis
1237 1035 1311 1096 tuae

135 1135 300 1218 specimen
314 1137 416 1216 edere,
439 1161 476 1203 ea
490 1139 615 1205 ratione
631 1163 695 1225 qua
716 1140 749 1223 (i.
765 1164 791 1206 e.
807 1141 854 1205 ita
870 1144 919 1224 ut)
942 1162 1037 1205 nemo
1058 1139 1150 1204 faoile
1172 1139 1312 1222 prudens

134 1245 169 1307 te
183 1243 491 1328 reprehenderit‘lss.
517 1247 561 1312 Et
581 1249 748 1313 commode
761 1249 826 1313 huc
839 1248 1012 1314 trahuntur
1030 1251 1060 1310 (1)
1074 1254 1146 1315 291.
1168 1249 1191 1329 β
1208 1249 1311 1312 13799,

135 1387 177 1396 -
190 1345 279 1415 ‘Lars
299 1374 358 1437 pro
381 1353 531 1420 adverbio
553 1353 696 1421 Homero
718 1355 936 1442 ignotum¹⁰⁰z
958 1378 1056 1440 quaro
1075 1357 1114 1433 Λ
1129 1361 1188 1422 779
1204 1347 1307 1432 ξείνιά
1320 1331 1391 1461 (Ῑίὲἓ)

133 1449 160 1520 τ’
193 1447 230 1522 εὖ
255 1456 447 1547 παρέθηκεν
479 1457 536 1525 ἅτε
563 1456 683 1541 ξείνοις
713 1459 815 1546 θέμις
841 1457 911 1528 ε’στί
935 1486 1001 1529 non
1022 1466 1131 1548 potest
1152 1483 1227 1528 esse
1245 1462 1308 1526 nisi

134 1568 335 1633 accusativus
361 1570 574 1653 pronominis3
610 1571 648 1635 de
681 1593 745 1655 quo
781 1571 938 1637 dubitavit
963 1571 1181 1637 Buttmannus
1208 1567 1312 1636 lexl

208 1771 234 1810 98
251 1767 323 1822 Hinc
335 1767 425 1824 facilis
437 1768 570 1825 transitus
583 1771 672 1825 estad
686 1761 726 1834 ὣς
743 1764 779 1826 ἂν
797 1768 831 1827 οὐ
849 1771 924 1840 quod
940 1770 1045 1841 legitur
1063 1773 1189 1840 (streete
1201 1768 1310 1840 opinor)

134 1853 151 1907 1
167 1858 226 1919 444,
245 1852 320 1922 quod
337 1853 374 1908 ab
390 1853 439 1909 illo
458 1844 498 1918 τίς
515 1854 557 1920 οὒ,
575 1855 651 1924 quod
668 1854 808 1924 signifieat
826 1856 912 1922 „adeo
930 1860 1013 1922 non“‚
1033 1854 1173 1912 diversum
1193 1857 1242 1910 est.

202 1939 228 1979 99
247 1935 337 2008 victv)
355 1939 437 1993 6373
457 1941 498 1993 est
514 1941 547 1993 ut
565 1933 646 2003 ὅπως
665 1942 699 2010 δή
717 1942 803 1995 6109.
821 1972 855 1981 -
873 1943 952 1996 3373
971 1931 1011 2006 τίς
1027 1943 1069 1996 est
1088 1936 1136 1996 du
1154 1931 1257 2003 οὕτως,
1278 1941 1311 1993 ut

137 2023 161 2075 Δ
176 2027 232 2086 157,
250 2021 334 2077 etsie
352 2023 445 2092 potest
462 2021 583 2093 intelligi
600 2026 620 2093 β
637 2028 685 2079 233
704 2026 795 2093 (211),
813 2025 863 2080 ubi
880 2043 955 2081 nuno
974 2029 1016 2081 est
1029 2016 1076 2090 ὥς.
1106 2022 1219 2080 Scholia
1236 2026 1310 2078 utro·

136 2122 192 2174 qne
213 2105 275 2161 loeo
298 2106 339 2170 τίς
361 2106 503 2178 explicant
524 2108 574 2162 sed
597 2107 666 2163 falso
689 2108 838 2179 explicant.
872 2109 932 2165 Ηοο
954 2126 1099 2179 nunquam
1121 2109 1181 2164 fieri
1203 2107 1311 2179 poterit

136 2192 170 2244 ut
192 2190 320 2246 omnibus
342 2191 409 2248 locis
430 2191 563 2248 affirmari
585 2193 673 2264 possit
695 2193 766 2249 sitne
785 2188 825 2258 ὠς
842 2211 879 2249 an
898 2185 938 2259 τίς
954 2194 1140 2250 scribendum.
1176 2193 1242 2259 Quis
1259 2211 1309 2264 pro

136 2276 214 2330 certo
232 2274 334 2331 dixerit
352 2279 440 2333 0698

346 2355 427 2427 αὖτις
444 2360 477 2418 a
494 2364 611 2433 δριμεῖα
627 2362 703 2432 μάχη
720 2357 800 2434 παρὰ
817 2366 917 2434 νηυσὶν
934 2363 1051 2435 ἐτύχθη.

345 2448 433 2516 φαίης
450 2448 474 2502 κ’
496 2438 625 2517 οίκμῆτας
642 2449 690 2502 καὶ
708 2438 843 2519 ἀτειρέας
860 2439 1027 2519 οίλλὴλοισιν

346 2523 464 2586 ἄντεσθ’
481 2528 514 2586 ἐν
531 2529 663 2604 πολέμῳ·
684 2522 724 2595 τίς
739 2531 908 2600 ἐσσυμένως
926 2530 1079 2602 ἐμάχοντο.

137 2613 184 2668 Sic
201 2613 284 2669 Wolf.
314 2612 418 2680 Quidni
435 2613 521 2669 etiam
539 2612 572 2669 ἐν
587 2613 715 2690 πολέμῳ,
734 2615 777 2681 τίς
794 2617 848 2670 -f
872 2617 945 2673 Item
961 2619 994 2672 X
1006 2621 1055 2672 348

291 2740 294 2745 -
346 2697 377 2754 ol
393 2699 449 2770 γοίρ
467 2716 530 2762 τινες
547 2696 638 2755 αὐτόν
654 2717 692 2767 με
708 2699 797 2767 μένος
814 2703 864 2756 καὶ
880 2700 975 2769 θυμὸς
993 2692 1074 2771 οίνείη

346 2775 400 2851 ὤμ’
417 2776 661 2852 ἀποταμνόμενον
678 2781 752 2854 κρέα
770 2777 897 2858 idiceret,
916 2776 965 2840 oid
983 2781 1014 2852 μ’
1030 2780 1144 2854 ίοργας.

345 2858 385 2931 ὣς
403 2864 456 2922 οὐκ
473 2861 537 2924 ἔσθ’
558 2858 591 2931 ὃς
607 2869 658 2936 σῆς
674 2884 709 2937 γε
726 2861 816 2931 κείνας
832 2869 960 2937 κεφαλῆς
976 2861 1148 2924 ἀπαλάλκοι.

134 2949 182 3004 Sic
204 2951 246 3006 ed.
263 2950 360 3018 Wolf,
382 2950 421 3007 sio
444 2952 568 3023 praefert
584 2951 707 3006 Nicanor
730 2951 863 3020 ιβέλτιον
879 2946 938 3022 πρὸ
956 2952 1064 3007 τούτου
1083 2955 1192 3020 στίζειν
1209 2954 1259 3008 καὶ
1275 2946 1311 3007 τὸ
1321 2955 1391 3024 (163)

135 3032 180 3098 οίς
199 3029 241 3097 είς
262 3028 297 3089 τὸ
316 3028 394 3090 οὕτω
412 3031 672 3107 μεταλαμβάνειν.“
706 3033 760 3090 Sed
778 3035 965 3103 Aristarchus,
990 3036 1012 3090 si
1035 3037 1139 3093 scholio
1161 3036 1309 3092 Parisiensi
1330 3043 1375 3093 166

135 3117 217 3184 fides,
237 3119 337 3174 maluit
362 3110 413 3190 cic,
438 3121 513 3191 quod
530 3121 599 3176 item
616 3121 745 3193 pulcrum
773 3122 813 3192 (so
830 3122 909 3176 wahr
925 3122 978 3193 -).
1012 3124 1101 3178 3176
1122 3122 1249 3192 praefero
1272 3121 1313 3184 τίς

133 3205 186 3258 καὶ
203 3205 251 3258 σοὶ
268 3224 313 3261 -r
332 3221 398 3260 nam
417 3197 465 3273 ὥς,
481 3206 601 3262 maxime
619 3206 715 3261 addito
735 3202 787 3262 καί
791 3247 796 3270 ,
815 3207 846 3259 in
864 3204 1005 3277 exemplis,
1024 3223 1096 3275 quae
1115 3223 1207 3263 eoram
1225 3205 1311 3260 oculis

134 3290 216 3353 sunt,
233 3289 420 3345 monstrandis
437 3290 575 3360 frequens.
613 3291 654 3346 cf.
671 3290 810 3346 Fritasohe
829 3308 874 3359 qu.
893 3291 957 3346 Luc.
975 3310 1003 3361 p.
1023 3296 1079 3346 199.
1110 3311 1128 3347 α
1146 3296 1186 3346 35.
1213 3294 1310 3346 3336.

134 3375 230 3440 2262.
253 3376 282 3428 Σ
293 3378 350 3430 111.
375 3374 429 3429 Sed
446 3377 476 3429 Σ
487 3380 535 3430 126
555 3367 595 3440 ὣς
611 3372 670 3440 καί,
688 3376 764 3445 quod
774 3375 880 3445 repetit
891 3374 921 3429 id
933 3377 1009 3446 quod
1029 3375 1086 3431 iarn
1101 3379 1187 3431 antea
1205 3374 1312 3430 dictum

135 3460 179 3512 est
200 3460 278 3528 (116).
315 3458 353 3514 Ut
375 3459 450 3514 huno
472 3461 627 3515 extremum
648 3460 742 3514 locum
762 3459 830 3515 item
855 3459 962 3531 accipio
986 3465 1001 3529 ζ
1022 3467 1069 3517 168
1093 3461 1126 3518 ol.
1149 3467 1197 3516 166
1220 3451 1273 3531 (δίς
1289 3454 1314 3512 δ’

135 3534 233 3605 advoc
243 3545 293 3598 καὶ
303 3561 329 3598 v.
345 3549 393 3599 166
406 3561 463 3600 non
473 3547 568 3615 potest
578 3544 719 3616 pertinere
732 3543 769 3598 ad
781 3562 898 3614 sequens
918 3537 957 3609 οίς
974 3545 1022 3601 sed
1039 3547 1076 3600 ad
1094 3542 1309 3614 antecedentia).

134 3657 169 3667 -
186 3625 256 3681 Aliis
272 3627 344 3682 locis*
357 3614 399 3693 cic
415 3631 531 3693 eertum,
548 3630 597 3685 sed
615 3628 764 3700 explicatio
784 3629 901 3695 ineerta,
920 3632 953 3685 ut
970 3630 1000 3685 in
1017 3629 1066 3685 illo
1085 3648 1102 3702 ρ
1120 3633 1170 3685 118
1188 3632 1241 3684 νῦν
1256 3625 1312 3695 μὲν

135 3713 171 3781 δὴ
183 3707 261 3779 μάλα
273 3706 368 3784 ντοίγχν
385 3707 476 3778 κακὸς
492 3710 584 3770 κακὸν
599 3710 748 3784 ἡγηλάζει·
768 3713 810 3779 οίς
828 3714 887 3770 αἰεὶ
903 3707 956 3769 τὸν
975 3705 1080 3783 ὁμοῖον
1098 3706 1163 3785 ἄγει
1180 3706 1254 3777 θεὸς
1271 3712 1312 3776 τίς

135 3787 190 3851 τὸν
208 3789 319 3864 ὁμοῖον.
348 3797 393 3853 Sio
404 3797 530 3865 Wolfius,
548 3799 646 3855 melius
664 3798 777 3853 videtur
794 3792 937 3868 ἡγηλάζει.
968 3797 1091 3867 ὁμοῖονί
1104 3801 1220 3869 propter
1237 3813 1310 3853 com-

134 3881 243 3935 motam
264 3880 426 3938 orationem.
465 3881 546 3948 Quod
571 3883 646 3939 idem
668 3883 767 3938 cadere
790 3881 903 3937 videtur
925 3881 956 3937 in
973 3902 990 3954 ρ
1009 3888 1068 3939 449.
1097 3882 1200 3938 Contra
1218 3889 1310 3939 ω194

134 3965 187 4019 nbi
204 3966 293 4021 oratio
311 3967 347 4021 ad
365 3967 580 4039 explicationem
593 3966 766 4023 convertitur
783 3965 881 4020 melius
898 3966 1015 4023 fortasse
1032 3970 1096 4038 post
1116 3961 1230 4024 ἄκοιτιν
1247 3968 1309 4023 colo

135 4049 182 4103 vel
199 4054 337 4106 commate
354 4053 534 4123 distinguere,
557 4053 636 4122 quasi
654 4051 768 4106 dixisset
786 4043 860 4113 οἶαι,
880 4051 916 4105 of.
934 4051 1055 4109 Nitzsoh.
1074 4051 1106 4107 T.
1125 4052 1138 4105 1
1154 4071 1182 4123 p.
1201 4057 1257 4108 169.
1277 4082 1308 4093 -·

134 4133 221 4204 Apud
238 4135 418 4205 Apollonium
430 4140 455 4192 A
474 4142 505 4193 82
517 4136 691 4193 Wellauerus
708 4135 777 4190 falso
797 4125 837 4200 νίς
855 4136 965 4207 aceepit
981 4154 1032 4207 pro
1045 4136 1160 4204 „enim“.
1189 4137 1247 4191 Aut
1264 4151 1309 4191 ex·

136 4219 268 4274 clamatio
296 4224 408 4277 estant
430 4221 607 4277 scribendum
630 4210 677 4286 ὥς.
717 4220 824 4275 Eadem
849 4220 988 4277 dubitatio
1011 4238 1068 4276 esse
1090 4223 1183 4292 potest
1200 4220 1230 4274 in
1247 4219 1308 4275 looo

135 4302 277 4359 simillimo
290 4306 410 4376 Oppiani
426 4306 487 4360 Hal.
501 4307 524 4360 Δ
536 4310 594 4363 211.
620 4307 674 4360 Pro
686 4305 794 4372 ‚‚enim“
811 4321 863 4360 neo
880 4304 910 4359 hi
928 4305 1001 4375 epici
1017 4305 1154 4360 vocabulo
1172 4304 1216 4360 usi
1233 4308 1306 4359 sunt.

206 4390 243 4432 10⁰
260 4389 319 4444 Ηοο
337 4391 439 4460 fugisse
457 4389 541 4448 Arist.
560 4393 666 4447 eertum
683 4407 719 4446 ex
735 4389 884 4462 Apollonio
902 4389 965 4450 adv.
982 4396 1039 4455 558,
1057 4395 1099 4445 31.
