3008 4980
187 308 207 369 2
436 303 458 357 L
494 300 536 357 De
553 300 679 357 fontibus
696 300 839 356 doctrinae
857 299 1059 356 Aristarcheae.

186 486 243 572 τῆς
253 475 401 569 Ἰλιακῆς
422 479 616 572 προσῳδίας
631 478 841 570 Ἡρωδιανοῆ
862 480 920 549 καί
940 478 978 549 ἐκ
998 484 1066 550 τοῖν
1079 475 1269 567 Νικάνορος
1282 477 1364 566 περὶ

187 594 330 680 στιγμῆς.
365 592 428 659 Hic
448 594 530 660 illud
550 595 699 660 brevitati
721 595 841 677 datum,
863 592 950 678 quod
965 585 1155 673 Νικάνορος
1175 585 1252 672 περὶ
1272 607 1363 674 στιγ-

185 702 249 788 μῆς
270 700 374 767 dictus
396 706 446 767 est
466 701 557 779 liber,
581 703 636 787 qui
657 703 785 788 proprie
808 701 960 767 dicendus
983 704 1069 767 esset
1082 694 1160 781 περὶ
1176 691 1364 785 Ὁμηρικῆς

186 810 337 892 στιγμῆς,
366 810 454 893 quod
483 814 515 875 et
543 810 618 875 libri
643 808 769 875 indoles
794 809 915 874 indicat
941 811 973 873 et
997 808 1049 874 bis
1074 809 1121 873 sio
1141 806 1305 872 invenitur
1325 805 1362 870 in

186 916 422 1001 subscriptione
443 916 633 1002 rhapsodias
654 917 769 982 ternae
791 920 824 982 ct
847 919 987 1001 quartae.
1032 914 1121 982 Suid
1158 904 1317 996 Νικάνωρ
1340 905 1361 978 δ

183 1016 349 1107 Ἑρμείου,
360 1016 595 1108 Ἀλεξανδρεὺς
616 1017 855 1109 γραμματικός,
878 1019 1020 1108 γεγονιδς
1041 1018 1099 1087 ἐντί
1109 1013 1289 1104 Ἀδριανοῦ
1301 1021 1363 1084 τοῦ

186 1125 358 1216 Καίσαρος
379 1185 386 1199 .
408 1180 416 1198 .
440 1184 448 1198 .
470 1124 622 1220 (ἔγραψε)
644 1127 721 1215 περὶ
741 1132 879 1218 στιγμῆς
899 1132 956 1219 τῆς
975 1122 1054 1214 παρ’
1066 1121 1202 1217 Ὀμῆρῳ
1224 1125 1363 1216 καὶτῆς

186 1234 224 1319 ἐξ
243 1231 353 1304 αὐτῶν
375 1231 491 1326 <αίτῆς
511 1237 634 1323 Daub>
655 1239 819 1324 διαφορᾶς
840 1234 875 1304 ἐν
895 1240 933 1326 τῆ
954 1235 1099 1325 διανοίη.

268 1346 350 1413 Item
374 1346 461 1431 quod
483 1347 560 1413 dicit
581 1341 785 1431 παράκειται
805 1344 846 1411 τὰ
861 1338 1090 1431 Ἀριστονίκου
1104 1344 1234 1431 σημεῖα,
1253 1342 1362 1408 noluit

186 1454 293 1521 solum
314 1454 455 1541 intelligi
475 1456 580 1520 textui
602 1459 696 1522 notas
718 1455 881 1541 appositas
897 1477 975 1535 esse,
995 1454 1052 1520 sed
1066 1452 1162 1519 simul
1178 1474 1217 1518 ex
1231 1451 1361 1517 Aristo-

185 1563 249 1627 nici
271 1563 354 1628 libro
376 1558 455 1646 περί
475 1554 619 1647 σημείων
641 1563 778 1650 singulis
798 1562 945 1628 versibus
966 1560 1186 1644 annotationis
1209 1581 1279 1625 esse
1303 1558 1361 1623 ad-

186 1670 339 1754 scriptum
356 1669 443 1754 quod
463 1692 501 1735 eo
516 1670 700 1755 pertineret.
743 1670 838 1748 Quod
859 1668 959 1736 semel
979 1668 1118 1754 legimus
1140 1668 1174 1732 in
1196 1666 1361 1751 subscrip-

185 1778 275 1842 tione
303 1777 494 1861 rhapsodiae
529 1777 803 1843 duodevicesimae
834 1768 1035 1861 παράκειται
1069 1772 1110 1840 τίι
1129 1766 1360 1858 Ἀριστονίκου

186 1885 305 1969 σημεῖα
326 1881 409 1965 μετὰ
430 1877 696 1972 ὑπομνηματίου,
721 1907 787 1951 non
810 1907 891 1970 opus
912 1888 962 1951 est
982 1884 1114 1970 fingere,
1134 1905 1207 1948 oum
1221 1905 1241 1948 a
1254 1881 1358 1967 primo

186 1993 317 2058 auctore
337 1993 459 2077 ubique
480 1993 543 2059 hoo
564 1993 660 2058 modo
683 1994 838 2078 scriptum
860 1997 953 2075 essct,
973 1993 1008 2056 in
1029 1991 1162 2075 reliquis
1177 1993 1291 2076 postea
1305 2011 1359 2055 ex·

187 2098 317 2178 cidisse,
342 2099 407 2166 imo
434 2100 489 2166 ille
512 2101 562 2166 vel
581 2102 670 2185 ipsos
690 2101 828 2166 lectores
849 2100 976 2185 putavit
995 2099 1105 2164 statim
1125 2096 1359 2173 intellecturos,

185 2228 251 2271 una
278 2228 351 2272 oum
378 2207 479 2292 signis
508 2207 604 2274 etiam
632 2209 688 2293 qui
714 2208 807 2293 signa
834 2207 1035 2273 illustrarent
1056 2203 1305 2271 commentarios
1326 2203 1360 2267 in

185 2313 249 2379 hoc
271 2336 367 2399 opere
387 2315 533 2395 inveniri,
554 2315 614 2398 vel,
636 2336 700 2398 quo
722 2316 826 2401 magis
847 2315 978 2394 inclino,
999 2310 1040 2377 τὰ
1059 2305 1287 2397 Ἀριστονίκου
1302 2330 1361 2397 ση-

185 2422 261 2504 μεῖα
283 2421 394 2486 eadem
416 2422 572 2488 brevitate
593 2423 674 2488 dixit
694 2423 814 2488 librum
836 2423 875 2487 de
898 2422 1012 2508 signis,
1033 2425 1072 2487 ut
1092 2413 1244 2501 Δίδυμος
1264 2413 1301 2484 ἐν
1320 2419 1361 2507 τῆ

188 2523 373 2612 διορθώσει
392 2532 423 2591 Φ
446 2537 504 2597 110
525 2552 584 2614 pro
599 2523 674 2596 Δίδ.
696 2525 731 2594 ἑν
751 2532 798 2615 τῷ
819 2526 897 2614 περὶ
918 2522 1143 2613 διορθώσεως.
1167 2526 1222 2594 Sic
1235 2518 1362 2591 Ἀτιοί-

186 2630 304 2712 λάνιος
331 2630 367 2700 ἐν
392 2637 430 2726 τῆ
456 2637 578 2726 μετοχῆ
605 2637 705 2704 Orion
732 2661 764 2723 p.
790 2642 839 2718 89,
860 2641 887 2716 8,
909 2637 929 2701 i
949 2659 976 2704 e.
998 2631 1034 2700 ἐν
1053 2640 1100 2721 τῷ
1119 2632 1197 2719 περὶ
1217 2635 1360 2721 μετοχῆς.

186 2739 354 2826 Πολέμων
380 2739 415 2808 ἑν
439 2745 487 2829 τῷ
507 2740 596 2827 παρὰ
617 2740 811 2833 Ξενοφῶντι
832 2738 996 2830 κανάθρῳ
1016 2742 1135 2810 Athen.
1156 2741 1204 2808 IV
1224 2765 1255 2827 p.
1279 2746 1360 2810 1380.

185 2851 231 2917 lu
246 2844 473 2936 Ἀριστόνικος
494 2847 528 2916 ἐν
545 2853 617 2930 τοῖς
636 2856 782 2940 σημείοις
806 2855 840 2918 in
861 2852 913 2917 his
934 2852 1013 2936 ipsis
1035 2851 1165 2917 scholiis
1186 2851 1218 2913 A
1232 2855 1282 2916 22.
1315 2847 1361 2915 Ut

184 2959 266 3025 illud
291 2955 372 3043 μετὰ
394 2951 646 3044 διιομνηματίου
674 2963 714 3027 ab
740 2962 918 3027 recentiore
938 2981 1037 3023 manu
1059 2960 1219 3024 adiectum
1239 2959 1361 3042 putem.

184 3064 267 3132 lam
290 3066 391 3133 orion
415 3071 486 3146 rsa,
514 3073 533 3134 c
556 3068 619 3150 (ut.
640 3069 684 3136 u.
706 3075 782 3150 aar,
802 3072 854 3150 41)
885 3066 937 3132 nt.
958 3064 1001 3131 M.
1025 3071 1100 3144 au.
1121 3068 1171 3132 ss.
1218 3056 1272 3126 Ἐν
1290 3064 1361 3140 τοῖς

185 3167 334 3261 σημείοις
353 3176 412 3238 τοῦ
432 3178 571 3261 ποιητοῦ
593 3175 694 3242 Orion
718 3182 791 3254 119,
812 3181 860 3244 28.
903 3174 963 3239 Est
983 3173 1065 3238 liber
1086 3171 1263 3237 Aristonici
1282 3168 1360 3254 περὶ

185 3275 326 3368 σημείων
357 3273 501 3359 Ἰλιάδος
534 3280 592 3348 καί
619 3277 813 3359 Ὀδυσσείας
847 3281 899 3348 vel
932 3277 1010 3364 περὶ
1034 3272 1179 3366 σημείων
1203 3273 1360 3365 Ὀμῆρου.

136 3398 173 3468 (3)
187 3388 316 3456 Suidas:
342 3381 572 3474 Ἀριστόνικος
594 3385 830 3475 Ἀλεξανδρεὺς
862 3379 1102 3474 γραμματικός·
1129 3381 1257 3475 ἔγραψε
1283 3385 1360 3469 περὶ

184 3500 251 3560 τῶν
271 3491 412 3584 σημείων
433 3500 499 3562 τῶν
521 3493 557 3562 ἑν
576 3500 617 3588 τῆ
636 3492 798 3586 Θεογονίᾳ
809 3490 973 3562 Ἡσιόδου
995 3492 1052 3559 καί
1072 3496 1138 3558 τῶν
1152 3497 1209 3582 τῆς
1221 3486 1360 3571 Ἰλιάδος

184 3601 241 3670 καί
258 3596 464 3683 Ὀδυσσείας·
500 3598 711 3673 ἀσυντάκτων
737 3598 910 3687 ὀνομάτων
935 3603 1051 3687 βιβλία
1077 3595 1115 3681 ς’.
1156 3601 1247 3667 Haeo
1273 3602 1359 3667 enim

184 3735 260 3779 vera
280 3713 497 3800 interpunctio
520 3718 578 3794 est,
600 3737 666 3781 non
687 3713 749 3779 hoc
770 3714 881 3780 modo:
902 3710 960 3777 καί
978 3714 1044 3777 τῶν
1064 3714 1123 3798 τῆς
1141 3703 1284 3785 Ἰλιάδος
1304 3707 1359 3774 καί

181 3811 377 3899 Ὀδυσσείας
397 3814 605 3888 ἀσυντάκτων
626 3816 805 3904 ὀνομάτων.
836 3820 921 3899 Quid
936 3822 978 3886 sit
993 3811 1173 3899 άσυνταξία
1187 3810 1359 3898 ὀνομάτων

183 3927 255 3993 vide
277 3929 363 4014 apud
383 3928 581 3997 Lobeckium
602 3930 735 4017 paralip.
757 3952 789 4015 p.
813 3933 861 3997 30.
896 3929 946 3994 De
971 3929 1027 3994 illa
1048 3925 1308 4010 interpunctione
1330 3925 1358 3990 ai

184 4036 236 4100 cui
257 4041 353 4103 antea
374 4038 521 4105 dubitare
543 4039 669 4117 licebat,
691 4041 865 4123 postquam
885 4036 992 4121 ipsum
1013 4035 1132 4101 librum
1151 4033 1357 4117 inspeximus,

185 4142 325 4209 debebat
339 4167 445 4210 nemo.
470 4145 623 4212 Omnium
638 4146 770 4210 minime
788 4142 938 4208 ferendus
953 4143 1139 4220 Laroherus,
1160 4145 1280 4206 rectam
1294 4139 1357 4204 loci

153 4250 488 4335 ainterpunctionem,
511 4275 594 4338 quae
616 4259 665 4319 est
686 4253 772 4337 apud
790 4250 969 4316 lludociam
991 4249 1080 4332 (Vill.
1103 4273 1135 4334 p.
1158 4252 1221 4331 64),
1243 4248 1356 4332 depra-

184 4380 263 4424 vans
276 4359 317 4424 ad
331 4358 485 4425 Orionem
500 4384 532 4446 p.
548 4367 598 4445 43,
613 4382 685 4425 curn
701 4358 786 4442 apud
801 4358 916 4442 ipsum,
931 4357 970 4422 de
986 4380 1051 4441 quo
1068 4355 1357 4432 commentabatur,
