3008 4980
220 311 278 371 154
312 302 347 357 H.
364 300 405 356 De
423 299 599 355 Aristarchea
615 297 814 353 vocabulorum
832 296 1042 353 Homerioorum
1058 297 1302 368 interpretatione.

217 473 308 556 (159,
338 470 392 553 12)
426 461 711 552 ὑπεροπλίσσαιτο
748 471 783 551 (ρ
805 472 901 553 268).·
936 462 1082 554 νικήσειε
1115 469 1187 544 τοῖς
1220 462 1394 545 ὅπλοιςθθ.

216 604 247 665 p.
270 586 330 647 474
348 580 413 663 <98,
427 576 484 661 23)
506 569 781 664 κερδαλεόφρωνε
802 571 958 662 φρόνημα
979 574 1118 662 κερδοῦς
1138 568 1221 655 ἔχων
1243 577 1298 658 (ne
1320 577 1393 660 quis

215 686 296 752 lucri
317 685 497 752 studiosum
516 683 693 770 intelligat,
718 706 746 751 v.
768 685 833 749 sch.
854 689 885 747 Z
905 688 986 769 153).
1021 708 1052 770 p.
1066 689 1128 753 288
1150 683 1215 767 (61,
1237 683 1273 767 1>
1295 682 1393 768 δυση-

217 790 314 879 λεγὴς
328 796 356 877 (l
368 789 560 879 τανηλεγὴς)
574 784 734 870 θάνατος,
750 785 915 873 πόλεμοςε
934 784 1213 876 μακροκοίμητος,
1232 784 1392 856 κακοκοί-

214 901 360 988 pereger.
381 893 571 985 νεμεσητόςε
584 893 816 988 μεμψίμοιρος
832 900 898 966 sch.
910 899 1029 965 VadA
1039 905 1108 966 649.
1130 891 1268 983 ἐπίηλεν
1283 900 1318 980 (χ
1326 902 1392 981 49).-

216 1004 465 1096 ἕπεισέπεμψεν
478 1007 632 1093 Apollon.
657 1031 688 1091 p.
705 1013 767 1075 344
789 1008 854 1092 (73,
879 1007 943 1091 10),
969 1008 1002 1071 et
1023 1005 1180 1090 quaedam
1203 1006 1268 1070 alia
1288 1006 1324 1070 in
1344 1006 1391 1087 iis,

217 1139 297 1203 quae
318 1117 383 1182 iam
405 1138 501 1201 supra
523 1114 700 1180 attulimus.
742 1115 888 1200 Apparet
909 1114 1070 1179 studuisse
1091 1114 1126 1177 in
1146 1113 1198 1179 his
1219 1114 1391 1179 verborum

217 1246 347 1291 sensum
376 1223 542 1289 vocabulis
572 1221 753 1287 notioribus
790 1226 823 1287 et
857 1223 996 1308 propriis
1027 1243 1123 1305 quam
1151 1221 1390 1287 accuratissime

215 1333 361 1412 reddere,
387 1332 434 1396 ita
460 1333 498 1396 ut
525 1331 559 1395 in
590 1328 777 1414 compositis
805 1329 902 1394 etiam
928 1328 1205 1415 praepositionum
1230 1327 1279 1394 vis
1300 1332 1389 1413 pate·

215 1441 314 1519 fieret,
335 1439 370 1503 in
391 1462 455 1523 quo
477 1437 716 1524 perspicuitatis
739 1459 834 1502 causa
855 1458 922 1501 non
940 1435 1027 1522 fugit
1046 1436 1192 1520 pluribus
1211 1435 1319 1502 verbis
1333 1436 1389 1504 uti.

216 1546 251 1614 Si
273 1548 439 1613 commode
468 1546 539 1611 fieri
567 1547 679 1632 posset
704 1545 809 1610 tenuit
838 1545 872 1609 in
897 1543 1084 1629 paraphrasi
1104 1541 1271 1611 Homerici
1296 1565 1389 1611 voca-

215 1654 284 1720 buli
305 1654 458 1733 radicem,
479 1657 517 1719 ut
538 1645 769 1740 ἀνακτορίῃσιν
789 1647 883 1717 ὕεσσι
903 1675 970 1718 non
993 1649 1222 1728 δεσποτικαῖς,
1244 1675 1287 1719 ne
1310 1645 1389 1717 civoi-

216 1784 302 1825 κτων
331 1762 461 1846 quidem
488 1760 638 1839 reddidit,
673 1761 730 1827 sed
754 1762 828 1836 ταῖς
847 1761 913 1823 τῶν
934 1751 1134 1841 ἀνακτόρων.
1168 1757 1251 1825 Item
1273 1756 1389 1844 κερδα-

217 1861 379 1955 λεόφρον.
420 1869 463 1933 Et
492 1859 600 1954 ἀνέχῃ.
641 1866 713 1933 Ηοο
740 1871 848 1934 tamen
870 1891 936 1934 non
959 1868 1052 1933 anxie
1075 1871 1204 1933 secutus
1226 1871 1286 1933 est.
1327 1866 1390 1934 Sed

215 1975 345 2060 propria
371 1974 527 2040 vocabula
559 1974 729 2059 quaesivit,
762 1979 800 2039 ut
825 1963 921 2052 οὗτος
949 1973 1010 2059 γὰρ
1040 1974 1228 2059 (Antinous)
1255 1967 1390 2060 ἐπίηλεν

153 2089 199 2140 155
216 2077 297 2146 τάδε
317 2075 396 2164 ἔργα
414 2084 448 2163 (χ
469 2083 521 2164 49)
544 2077 783 2171 ἑπεισέπεμψε.
817 2082 903 2149 Nam
924 2077 1129 2164 ἐπιπέμπειν
1152 2085 1185 2147 et
1205 2074 1389 2162 ἒπεισπέμ-

217 2212 293 2254 πειν
314 2190 443 2276 proprie
466 2189 582 2255 dicitur
602 2191 636 2254 in
658 2189 760 2256 malis.
789 2189 834 2256 Et
854 2190 1034 2256 difficiliora
1056 2190 1154 2256 etiam
1171 2189 1258 2255 felici
1273 2193 1389 2255 conatu

216 2296 390 2379 transtulit,
407 2301 444 2363 ut
465 2291 640 2382 νεμεσητός
660 2291 904 2386 μεμψίμοιρος;
932 2302 964 2363 et
983 2290 1267 2389 μακροκοίμητος,
1292 2317 1389 2361 κακο-

217 2399 374 2491 κοίμητος
396 2427 492 2490 quam
513 2406 625 2491 pulcra
647 2408 680 2471 et
701 2405 918 2490 significantia
938 2405 1096 2471 vocabula
1117 2408 1202 2472 sunt.

685 2610 916 2618 m

300 2738 319 2823 5
340 2745 367 2805 5.
405 2737 490 2802 Hine
516 2737 608 2803 facile
632 2738 826 2823 intelligitur
846 2737 969 2803 nullum
992 2736 1058 2802 fere
1076 2737 1176 2803 fuisse
1196 2737 1390 2803 vocabulum

219 2846 297 2930 quin
318 2845 505 2931 paraphrasi
527 2847 718 2930 expresserit
732 2846 953 2914 Aristarchus:
976 2848 1009 2911 et
1030 2868 1069 2912 ex
1089 2846 1152 2911 hoc
1174 2867 1294 2931 genere
1316 2848 1391 2911 sunt

219 2953 287 3018 sine
303 2952 401 3019 dubio
416 2954 502 3038 apud
515 2954 728 3038 Apollonium
743 2959 776 3019 et
790 2951 1201 3039 HesychiumAristarchea
1215 2954 1389 3038 complura.

218 3060 282 3127 Sed
303 3059 509 3126 vehementer
530 3061 705 3127 dolendum
727 3061 814 3146 quod
831 3063 965 3127 istarum
988 3060 1249 3127 observationum
1264 3062 1303 3127 de
1320 3061 1390 3127 vul-

136 3175 207 3249 (158)
220 3169 351 3253 guribus
372 3168 536 3233 vocabulis
558 3168 609 3234 vel
630 3169 860 3235 vocabulorum
875 3168 1166 3255 significationibus
1186 3169 1326 3255 cognitis
1339 3168 1392 3234 vel

219 3277 363 3341 nondum
389 3277 528 3361 coguitis
556 3280 589 3341 et
610 3277 741 3342 omnino
763 3277 1067 3361 interpretationum
1091 3270 1280 3362 diligentius
1297 3277 1391 3343 insti·

218 3386 369 3462 totarum,
392 3406 470 3468 quas
491 3406 550 3468 per
570 3387 676 3449 totum
691 3384 870 3449 Homerum
892 3384 1051 3468 diplarum
1073 3407 1134 3470 ope
1156 3387 1225 3450 erat
1241 3407 1392 3469 persecu·

218 3494 284 3570 tus,
310 3513 384 3576 pars
413 3491 637 3557 tantummodo
660 3494 819 3577 superest,
849 3514 929 3576 quas
957 3493 987 3558 ei
1009 3493 1078 3558 sine
1099 3492 1314 3559 haesitatione
1335 3493 1392 3559 ad·

219 3597 408 3675 scribamus3
437 3622 519 3683 quae
546 3599 682 3665 fortasse
710 3622 748 3664 ex
771 3600 837 3665 eius
861 3601 961 3684 copiis
981 3623 1041 3666 nec
1064 3600 1194 3667 dimidia
1216 3622 1276 3665 nec
1296 3601 1394 3667 tertia

284 3848 310 3889 9³
326 3846 420 3901 Verba
437 3854 501 3913 τοῖς
518 3838 621 3912 {inloto
639 3849 809 3904 exciderunt.

284 3934 310 3972 94
326 3930 379 3986 Hic
390 3932 466 3987 locus
479 3933 620 4003 Apollonii
638 3933 868 4005 corruptissimus.
898 3935 952 3991 Pro
964 3931 1060 4000 ἄλλως
1070 3935 1123 4004 leg.
1137 3935 1237 4005 opinor
1254 3925 1393 3991 ἐνἸλιάδι

218 4018 257 4086 (Y
273 4017 339 4087 154).
374 4016 411 4072 Et
428 4017 644 4088 καταστρέφειν
661 4017 704 4082 εἰς
728 4019 836 4089 explico
854 4022 1132 4091 μεταλαμβάνεσθαι
1154 4021 1193 4090 (v.
1211 4037 1296 4091 supra
1312 4037 1341 4090 p.
1361 4022 1392 4073 19

217 4103 284 4172 sep),
307 4103 340 4155 ut
365 4101 448 4156 schol.
468 4103 498 4155 Π
518 4106 574 4157 163,
609 4101 685 4159 Suid.
708 4121 727 4158 s.
747 4094 871 4172 ἤκιστος.
906 4105 1035 4175 Apollon.
1060 4122 1080 4158 s.
1103 4099 1202 4174 ἄλγεα.
1226 4097 1392 4176 ἅμφλβασις.

217 4177 387 4256 ἀνόρουσεν.
412 4177 535 4243 ἄσπετα.
577 4186 693 4257 Proprie
716 4187 827 4243 videtur
849 4206 918 4244 esse:
946 4189 1037 4256 „redit
1054 4196 1104 4244 eo“
1122 4220 1156 4229 -
1173 4208 1199 4244 v.
1218 4189 1292 4244 Sext.
1310 4187 1391 4258 Emp.

218 4269 281 4326 adv.
299 4286 414 4339 gramm.
432 4269 477 4324 12
495 4273 512 4340 ᾗ
530 4275 570 4325 54.
600 4271 633 4328 V.
653 4272 740 4328 Bekk.
759 4274 796 4327 ad
813 4273 904 4344 Apoll.
930 4275 964 4330 de
982 4292 1061 4345 pron.
1079 4292 1108 4344 p.
1128 4278 1185 4329 110.
1219 4273 1261 4329 De
1278 4272 1391 4342 reliquis

217 4354 349 4411 hariolari
365 4371 481 4426 possum.
