3008 4980
204 340 265 402 220
386 330 433 385 111.
459 329 501 386 De
518 328 672 384 Aristarchi
688 299 807 386 scientia
822 330 1003 402 antiquitatis
1019 334 1197 393 Homericae.

204 492 313 582 ρικός,
337 499 480 564 eiusdem
499 496 702 583 namurensis
728 496 816 582 πρὸς
835 495 1027 583 Πολύβιον,
1056 508 1097 568 ut
1124 505 1239 588 potius
1264 504 1376 571 librum

207 609 371 693 scripserit
390 600 591 689 ποιητά,
619 608 712 672 enus
733 608 855 693 singuli
874 609 950 674 non
971 610 1112 696 πηροὶ.
1132 612 1214 677 vus
1235 593 1376 697 insensu

205 716 333 781 sinerint.
364 753 398 763 -
433 714 635 781 Soteridas
660 754 700 762 —-
726 739 769 781 an
795 715 992 797 Socratidas,
1022 716 1112 784 Suid
1139 716 1377 807 Παμφίλη-

205 825 339 888 maritus
360 822 557 906 Pamphilae,
578 823 707 907 scripsit
728 816 1088 911 ζητήσειςὋμηρικάς,
1105 826 1190 893 Suid
1207 851 1232 893 a
1248 851 1280 894 v.
1294 828 1377 893 Vixit

206 931 307 1016 igitur
341 930 401 995 suh
432 929 577 1006 Nerone3
611 931 691 996 haec
726 933 813 996 enim
841 932 1030 1017 Pamphilae
1065 938 1157 1000 aetas
1193 939 1247 1001 est
1277 935 1377 1017 (Phot

206 1063 238 1124 p.
263 1040 345 1107 119¹>
364 1044 403 1106 39
424 1037 495 1120 Be.)
517 1076 556 1085 -
577 1038 780 1125 Diogenes
802 1039 982 1120 Tarsensis,
1004 1038 1183 1128 γεγραφὼς
1203 1039 1285 1124 περὶ
1304 1066 1377 1106 ποι-

206 1150 328 1233 ητικῶν
350 1141 551 1232 ζητημάτων,
576 1135 600 1209 di
620 1139 711 1210 λύειν
730 1143 901 1228 ἐπιχειρεῖ,
923 1149 1022 1234 Diog.
1042 1148 1286 1219 na.V181.—
1307 1151 1377 1216 He·

208 1256 397 1341 phaestio,
419 1254 474 1339 qui
494 1253 573 1320 Veri
593 1259 783 1339 praeceptor
802 1256 873 1335 fuit,
894 1259 1051 1338 κωμικῶν
1072 1248 1306 1343 ἆπορημάτων
1327 1255 1377 1323 λύ-

207 1386 277 1440 σεις
297 1368 331 1429 et
349 1358 508 1445 τραγικὰς
529 1354 648 1438 λύσεις,
666 1361 755 1430 Suid.
770 1364 1038 1448 —Dionysius
1058 1364 1276 1450 honginuS,
1295 1367 1377 1431 euius

209 1462 594 1557 ἆπορήματαὋμηρικά
621 1468 738 1535 Suidas
765 1472 1035 1538 commemoravit.
1075 1472 1123 1538 cf.
1145 1472 1323 1538 Ruhnken.
1344 1476 1378 1539 de

207 1578 410 1663 Long.§14:
433 1579 489 1662 qui
510 1600 584 1643 oum
604 1581 699 1662 putat
718 1601 800 1662 quae
816 1579 855 1644 de
874 1578 1020 1644 versibus
1036 1580 1233 1664 quibusdam
1247 1581 1377 1647 Homeri

209 1712 228 1752 a
249 1687 397 1771 Longino
419 1708 479 1770 pro
502 1685 618 1769 spuriis
639 1686 759 1751 habitis
780 1687 935 1773 legcmtur
956 1688 1043 1772 apud
1064 1686 1217 1754 Enetum.
1233 1713 1265 1774 p.
1281 1696 1330 1767 67,
1342 1695 1377 1756 λθ

211 1798 242 1859 et
263 1818 294 1879 p.
318 1800 385 1871 106,
406 1798 446 1862 36
468 1815 507 1856 ex
527 1792 590 1857 hoc
611 1793 694 1858 libro
715 1793 858 1873 fluxisse,
886 1794 966 1858 mihi
985 1816 1091 1860 errare
1113 1795 1252 1862 videtur.
1295 1796 1378 1861 Haec

211 1902 297 1967 enim
318 1901 479 1966 rhetorica
500 1905 576 1965 sunt
598 1905 631 1966 et
651 1902 686 1966 in
706 1901 790 1967 libro
813 1902 952 1985 quodam
972 1902 1134 1967 rhetorico
1156 1903 1266 1987 posita
1285 1903 1377 1968 fuisse

212 2009 422 2074 verisimilius.
465 2008 620 2074 Eiusdem
644 2009 784 2095 Longini
809 2009 892 2074 liber
916 2032 936 2074 a
961 2008 1061 2075 Suida
1086 2014 1274 2076 recensetur
1300 2033 1378 2092 προ·

210 2109 367 2202 βλήματα
384 2109 540 2201 Ὀμήρου
562 2113 619 2181 καί
640 2110 749 2192 λύσεις
770 2111 805 2180 ἓν
825 2110 975 2200 βιβλίοις
994 2110 1040 2199 βε
1060 2122 1096 2182 at
1115 2117 1144 2181 is
1164 2139 1229 2202 ego
1244 2141 1312 2185 non
1326 2119 1378 2184 du·

210 2226 280 2290 bito
303 2226 381 2310 quin
402 2247 474 2290 cum
495 2225 602 2308 priore
622 2247 707 2289 unus
728 2226 877 2309 idemque
898 2224 981 2289 liber
1001 2224 1112 2289 fuerit:
1133 2224 1191 2290 sed
1205 2247 1282 2290 cum
1295 2229 1378 2290 utro·

212 2355 274 2418 que
302 2332 399 2398 titulo
430 2332 483 2398 hic
509 2331 606 2412 liber,
632 2332 717 2397 sicut
742 2331 942 2411 Aristotelis,
969 2331 1241 2412 circumferretur,
1270 2331 1378 2398 Suidns

213 2440 366 2525 deceptus
389 2443 446 2505 est.
468 2439 738 2524 —Porphyrii
760 2431 1126 2525 ζυπήματαὋμηρικάι
1149 2439 1208 2523 qui
1229 2439 1313 2504 liber
1324 2438 1378 2503 ho-

213 2548 264 2613 die
296 2551 412 2624 exstat,
444 2547 501 2612 sed
532 2547 724 2632 quibusdam
760 2548 1004 2631 quaestionibus
1039 2546 1184 2631 suppleri
1221 2547 1318 2612 debet
1345 2566 1378 2611 ex

213 2655 344 2721 scholiis
364 2654 545 2720 Homericis
567 2655 636 2720 cod
656 2655 693 2721 B.
735 2653 824 2722 Idem
845 2654 1043 2740 Porphyrius
1065 2654 1194 2738 scripsit
1218 2646 1378 2737 σύμμικτα

215 2756 395 2850 ζητήματα,
418 2762 515 2840 Suid,
539 2767 572 2828 et
592 2759 822 2846 γραμματικὰς
843 2755 999 2845 ἀπορίας,
1022 2761 1119 2829 id-
1134 2760 1285 2827 Pertinet
1305 2782 1377 2846 quo·

215 2895 278 2958 quc
304 2872 392 2937 baud
422 2872 517 2937 dubie
549 2872 589 2936 ad
615 2870 678 2936 hoo
704 2892 808 2957 genus
836 2871 1029 2954 scriptorum
1055 2868 1142 2954 quod
1163 2869 1200 2933 in
1221 2868 1324 2935 schol.
1343 2866 1378 2932 ad

215 2983 246 3043 B
267 2984 327 3048 368
349 2983 616 3045 commemoratur
636 2971 853 3042 Διονυσίου
883 2978 1004 3060 (nescio
1027 2977 1129 3060 cuius)
1152 2967 1285 3061 άποραε
1312 2996 1378 3040 nam

214 3088 277 3154 hoc
297 3110 360 3154 vox
380 3087 549 3173 significat.
578 3084 721 3153 Nicanor
741 3087 775 3150 in
797 3085 896 3152 schol.
924 3087 964 3148 Λ
981 3091 1052 3154 166:
1075 3078 1179 3160 οὕτως
1201 3075 1378 3170 λυθήσεται

213 3193 251 3262 τὸ
274 3191 309 3261 ἓν
329 3198 377 3281 τῷ
393 3188 488 3279 τόπῳ
511 3185 649 3276 άπορον.
687 3193 732 3258 cf.
750 3198 782 3255 Z
797 3198 867 3261 326.
897 3197 930 3256 K
951 3199 1021 3259 274.
1055 3195 1090 3254 Χ
1110 3195 1181 3260 268.
1208 3189 1316 3257 Tacts.
1336 3210 1376 3255 en

215 3304 252 3370 ll.
273 3327 305 3389 p.
328 3312 377 3372 51.
414 3302 495 3369 dell.
516 3300 593 3368 XVI
620 3306 647 3368 3.
683 3300 741 3379 Et,
770 3300 896 3384 opinor,
928 3297 1185 3386 Hermogenis
1219 3294 1377 3381 περὶτῶν

134 3405 243 3488 (229)a'
271 3404 531 3496 προβλημάτων,
561 3408 621 3475 BV
651 3407 691 3473 ad
725 3410 756 3469 (Ι)
783 3412 852 3474 363.
882 3445 922 3454 -
950 3406 1165 3474 Herodiani
1192 3400 1376 3487 προτάσεις,

218 3540 352 3603 quarum
374 3517 552 3583 solutiones
574 3515 701 3600 scripsit
723 3514 819 3580 Orus
840 3508 964 3598 (λύσεις
984 3508 1178 3598 προτάσεων
1199 3513 1267 3576 τῶν
1277 3507 1378 3598 Ἡρω-

218 3624 347 3702 διανοῦ,
372 3623 488 3708 suin),
518 3625 573 3710 qui
593 3623 734 3688 hominis
756 3623 863 3688 studia
884 3624 1037 3709 cognovit
1057 3621 1150 3687 facile
1172 3622 1329 3687 concedet
1345 3619 1378 3684 de

218 3732 365 3796 abnormi
386 3731 623 3818 orthographia,
642 3731 802 3816 prosodia,
822 3730 980 3796 similibus
1000 3729 1099 3795 fluisse
1120 3728 1315 3815 propositas.
1340 3725 1378 3792 Ilt

219 3838 393 3903 concinunt
412 3839 594 3924 fragmenta
615 3837 715 3904 schol.
734 3839 767 3900 Ψ
785 3843 854 3906 664.
882 3837 913 3900 Ω
936 3843 1006 3905 657.
1020 3874 1062 3885 -
1080 3830 1185 3912 οὕτως
1205 3822 1302 3920 εὗρον
1321 3828 1378 3918 iro)

219 3937 267 4021 εἰς
300 3941 358 4031 τὴν
395 3937 541 4029 ἀπορίαν
576 3943 633 4012 καὶ
663 3943 754 4010 λύσιν
792 3936 989 4029 Εύλογίου
1025 3942 1246 4023 σχολαστικοῦ
1280 3943 1377 4027 Etym

219 4053 261 4118 M.
284 4058 353 4132 638,
374 4058 423 4120 33.
446 4091 486 4099 -
507 4053 557 4118 Ex
577 4053 699 4119 Latinis
720 4052 783 4118 huc
804 4053 944 4138 pertinet
964 4050 1143 4116 Valerius
1164 4049 1325 4130 Probus,
1344 4048 1378 4113 de

221 4182 285 4245 quo
315 4158 447 4226 Sueton.
474 4160 590 4228 illustr.
617 4182 665 4246 gr.
694 4166 747 4227 24:
775 4157 897 4239 „Nimis
923 4180 1025 4244 pauca
1051 4160 1084 4222 et
1110 4157 1227 4242 exigua
1254 4157 1293 4222 de
1315 4154 1378 4241 qui·

221 4268 356 4334 busdam
377 4267 509 4332 minutis
532 4267 783 4352 quaestiunculis
807 4266 930 4332 edidit“.

157 4396 206 4447 224
305 4374 365 4442 His
398 4375 556 4443 absolutis
586 4377 767 4465 fragmenta
799 4376 839 4441 ab
868 4374 961 4441 initio
990 4372 1097 4457 posita
1125 4369 1380 4457 circumspiciam.
