3008 4980
478 378 502 429 2.
527 364 651 443 βάλλειν,
669 370 798 439 οὐτασαι,
815 371 874 427 sim.
1219 379 1258 440 53

96 539 212 603 dicitur
228 534 458 624 σολληνττικός.
479 543 514 602 Ν
527 546 586 608 782
601 531 778 626 Δηΐφοβός
790 561 826 602 τε
840 535 897 624 βίη
912 530 947 601 θ’
960 531 1109 603 Ἑλένοιο
1125 535 1264 614 ἄνακτος

96 640 253 725 οἴχεσθον
276 650 419 736 μακρῇσι
443 643 629 730 τετυμμένοι)
656 641 814 734 ἐγχείῃσιν
840 639 1017 734 ἀμφοτέρω
1045 641 1130 708 κατὰ
1154 647 1264 731 χεῖραι

97 751 129 837 (ή
154 752 270 841 διπλῆ)
293 748 344 818 ὅτι
366 752 632 840 σολληνττικιῦς
651 751 688 819 τὸ
711 755 758 838 τῷ
778 747 877 838 ἑτέρην
900 748 1106 837 συμβεβηκὸς
1124 743 1176 816 εἰτ’
1199 745 1264 834 ἆμ-

97 855 246 946 φοτέρων
272 857 415 941 τέταχεν·
450 854 487 926 οὐ
521 857 583 945 γὰρ
610 853 799 948 γαἰμφότερσι
832 854 1011 947 ε’τύιτησαν,
1047 851 1120 923 ἄλλ)
1154 852 1172 925 ὁ
1204 856 1265 941 μέν

87 963 222 1044 Ἕλενος
249 963 392 1057 ἐβλήθη,
424 963 441 1034 ὁ
470 964 507 1033 δέ
530 964 707 1055 Δηΐφοβος
732 963 845 1056 ε’τύιτη.
890 964 922 1036 Ξ
946 974 985 1036 28
1013 961 1045 1055 (ἡ
1069 966 1185 1054 διπλῆ)
1213 962 1265 1032 ὅτι

96 1073 324 1161 σσλληιττικῶς
350 1069 459 1162 εἴρηκε
482 1073 648 1160 βεβλήατο
675 1077 747 1159 (ins.
774 1072 842 1160 καὶ)
869 1072 927 1141 ἐπὶ
954 1077 1019 1140 τῶν
1048 1067 1265 1156 οδτασμένων.

97 1178 187 1251 Ξ63
214 1176 246 1271 (ή
271 1182 387 1272 διπλῆ)
410 1179 462 1250 ὅτι
487 1177 592 1247 πάλιν
618 1181 860 1269 ουλληνττικιῦς·
894 1176 932 1249 οὗ
959 1180 1020 1267 γὰρ
1047 1177 1167 1259 πάντες
1189 1177 1264 1264 έβέ-
1276 1185 1329 1254 (63)

96 1289 225 1376 βληντο.
257 1289 383 1359 Ib.128
409 1284 428 1378 ἡ
454 1289 557 1379 διπλῆ
583 1285 636 1354 ὅτι
654 1290 881 1377 συλληπτικῶς
906 1288 963 1356 καὶ
984 1287 1041 1356 έιιλ
1061 1292 1126 1354 τῶν
1143 1289 1265 1375 βεβλη-

95 1393 203 1480 μένων
231 1391 408 1481 οὐτάμενοι
437 1392 573 1484 εἴρηκεν.
615 1398 662 1463 lb.
684 1404 744 1467 379
773 1400 1008 1483 (schol.V³1²)
1035 1396 1267 1482 σολληνιτικῶς

96 1502 134 1571 τὸ
157 1499 347 1587 οὐτάμενοι·
365 1504 541 1593 Διομήδης
562 1504 622 1591 γὰρ
645 1501 817 1592 βέβληται.
855 1506 900 1574 Of
916 1506 956 1571 ad
978 1508 1017 1569 A
1031 1512 1091 1574 659
1114 1510 1147 1571 et
1168 1508 1202 1568 H
1217 1511 1266 1584 24,

97 1614 154 1679 ubi
173 1615 276 1679 utitur
294 1615 495 1680 substantivo
517 1608 693 1702 σύλληψις,
718 1605 738 1701 ἡ
763 1612 791 1677 δ.
813 1611 899 1698 πρὸς
918 1610 980 1698 τήν
1001 1608 1210 1700 σύλληψιν.32

179 1720 279 1803 Hinc,
308 1722 434 1806 opinor,
467 1722 505 1787 de
536 1721 779 1807 incomparabili
805 1721 945 1787 hominis
973 1720 1140 1807 diligentia
1167 1724 1200 1785 et
1226 1720 1264 1785 de

97 1828 222 1893 ratione
248 1828 420 1910 constabit,
450 1851 514 1912 qua
539 1829 573 1892 in
600 1828 757 1894 eiusmodi
784 1829 1061 1894 observationibus
1090 1827 1265 1912 probandis

96 1958 173 2001 usus
195 1940 258 2016 est,
279 1959 339 2002 nec
359 1936 466 2000 minus
488 1935 581 2015 illud,
604 1958 676 2000 cum
698 1936 861 2018 omnibus,
888 1937 944 2020 qui
972 1924 1101 2021 quidem
1128 1934 1263 2000 alicuius

96 2043 252 2107 momenti
277 2044 377 2108 videri
408 2046 553 2128 possent,
586 2043 666 2108 locis
696 2044 805 2129 diplen
835 2047 1024 2128 apponeret,
1058 2042 1145 2107 haud
1169 2041 1264 2105 facile

98 2149 273 2233 quidquam
293 2151 326 2214 in
345 2155 514 2234 utramque
529 2153 653 2235 partem
674 2150 787 2237 fugere
807 2151 952 2235 potuisse
974 2172 1048 2215 eum
1068 2149 1265 2234 praesertim,

97 2256 228 2340 quibis
254 2261 383 2341 poetam
405 2258 560 2339 ediderat,
587 2259 833 2323 commentarios
854 2257 1044 2323 Homericos
1070 2255 1264 2340 libellosque

97 2363 210 2428 eodem
241 2368 422 2448 spectantes
454 2365 624 2450 scripserat
655 2365 834 2450 complures
866 2365 985 2449 quique
1014 2365 1094 2429 haec
1125 2363 1266 2429 carmina

97 2474 147 2535 tot
168 2492 274 2534 coram
290 2472 453 2556 discipulis
474 2473 650 2538 identidem
670 2477 868 2557 exposuerat.
903 2473 1026 2538 Hadem
1039 2476 1183 2538 veterum
1204 2470 1267 2534 fuit

96 2579 271 2661 persuasio,
291 2602 351 2644 nec
371 2581 580 2646 mediocrium
601 2581 651 2645 vel
669 2580 915 2666 negligentium,
936 2580 992 2644 sed
1015 2580 1137 2665 egregii
1159 2600 1266 2664 gram

97 2685 215 2762 matici,
239 2687 295 2770 qui
308 2687 412 2752 multo
426 2687 536 2752 labore
559 2687 637 2772 quid
650 2687 854 2753 Aristarchus
876 2688 910 2750 in
924 2687 1066 2751 Homero
1088 2685 1266 2770 praestitis-

97 2796 147 2856 set
160 2792 377 2876 inquisiverat,
391 2795 529 2880 Didymi.
555 2793 587 2858 Is
602 2816 674 2859 cum
689 2793 808 2859 librum
824 2794 862 2858 de
877 2792 1055 2858 Aristarchi
1071 2792 1266 2857 editionibus

97 2898 231 2964 Homeri
253 2903 480 2982 conscriberet,
507 2924 608 2966 unum
633 2902 776 2986 repperit
794 2901 916 2980 locum,
941 2900 1017 2965 huic
1037 2898 1267 2965 vocabulorum

99 3008 173 3070 usui
195 3008 359 3077 absonum.
396 3007 525 3075 Scilicet
550 3012 580 3071 Π
602 3013 663 3075 467
686 3009 724 3072 de
747 3007 932 3092 Sarpedone
953 3008 1075 3093 legitur

408 3108 427 3179 ὃ
450 3110 486 3178 δέ
506 3109 667 3200 Πήδασον
689 3108 826 3178 οὔτασεν
846 3114 962 3200 λ’ντντσν,

100 3242 172 3286 cum
201 3244 240 3285 ex
265 3222 474 3287 antecedente
494 3245 589 3289 versu
610 3227 720 3308 pateat
740 3221 959 3307 Sarpedonem
980 3221 1105 3286 hastam
1127 3219 1266 3285 torsisse.

99 3328 151 3393 Ad
177 3329 263 3394 hunc
281 3330 382 3415 igitur
408 3330 516 3395 locum
537 3331 739 3395 Aristonicus
768 3330 937 3417 adscripsit
962 3331 1054 3394 haec:
1089 3322 1120 3416 (ή
1151 3325 1266 3412 διπλῆ)
1285 3336 1315 3386 53

100 3431 153 3499 ὅτι
174 3432 212 3514 ἐξ
230 3433 474 3526 ἐπαναλήψεως
498 3434 536 3503 τὸ
558 3431 687 3522 ἄρθρον
709 3430 827 3525 εἴληφε
848 3434 932 3500 κατὰ
960 3440 1018 3501 τοῦ
1039 3428 1140 3500 αὐτοῦ
1165 3454 1268 3517 ντροσ-

100 3536 194 3607 ιέντσο
215 3541 273 3608 καὶ
298 3538 336 3608 οδ
359 3542 436 3630 περὶ
457 3539 567 3629 έτέρου
590 3541 695 3630 λέχει,
723 3537 796 3610 ἀντὶ
816 3547 875 3630 τοῦ
898 3539 1057 3630 Πήδασον
1080 3539 1117 3607 δέ
1138 3534 1268 3609 οὔτασε.

99 3647 157 3714 καὶ
182 3645 235 3714 ὅτι
260 3650 354 3717 δοκεῖ
378 3647 600 3735 συγκεχύσθαι
625 3651 663 3717 τὸ
692 3645 824 3718 odraus·
853 3649 1008 3739 βεβλήκει
1028 3650 1090 3737 γὰρ
1117 3648 1155 3716 τὸ
1178 3645 1267 3734 δόρυ.

101 3755 164 3822 Sed
185 3758 354 3843 Didymus,
381 3761 467 3844 quod
495 3782 650 3844 perquam
670 3761 879 3826 memorabile
900 3766 963 3842 est,
987 3762 1063 3826 hoc:
1097 3759 1190 3823 δοκεῖ
1211 3754 1268 3822 διὰ

100 3858 224 3928 τούτων
238 3869 432 3951 συγχεῖσθαι
447 3863 466 3956 ἡ
481 3865 628 3952 διαφορὰ
643 3870 702 3931 τοῦ
721 3867 836 3951 βαλεῖν
856 3866 913 3934 καὶ
935 3861 1088 3934 οὐτάσαι·
1109 3862 1271 3950 βέβληται

100 3968 161 4055 γὰρ
184 3964 387 4062 ὃΠήδασος.
423 3972 481 4039 καὶ
500 3969 631 4062 μήποτε
651 3970 762 4063 γραφή
783 3998 834 4053 τις
855 3973 1002 4065 έφέρετο,
1027 3970 1069 4041 δι’
1095 3963 1133 4063 ἧς
1153 3972 1191 4041 τὸ
1213 3975 1271 4060 τῆς

101 4109 306 4121 *—

167 4173 210 4215 ³¹⁸
236 4175 283 4242 <In
295 4174 354 4228 cod
373 4175 397 4227 A
415 4177 469 4229 est:
489 4164 534 4230 δτι
553 4177 752 4244 σολληνιτικῶς
778 4168 893 4246 εἴρηκεν
910 4175 1099 4243 οὐτασμένοιν
1115 4176 1205 4228 τινῶν
1222 4172 1271 4227 καὶ

103 4259 309 4328 βεβλημένον.)

102 4343 253 4494 ᾱὶερλέσοεῑ
274 4347 306 4397 28
333 4343 403 4397 haec
429 4343 500 4398 ΜΗΘ
528 4343 726 4413 ⁰0111plexionis
753 4341 901 4396 recentiori
925 4341 1089 4396 scholiastae
1110 4338 1202 4395 nescio
1225 4336 1271 4391 cui
