3008 4980
223 333 247 383 3.
275 320 393 399 βρότος,
411 317 490 393 αἷμα.
518 316 631 395 ψύχειν,
649 325 815 394 τέρσεσθαι.
843 315 970 390 διοέκειν,
988 319 1166 395 ἐπιδραμεῖν.
1184 311 1219 382 al.
1248 332 1305 393 127

135 517 208 561 σκει
223 490 242 561 ό
260 488 472 578 διωκόμενος,
493 488 548 559 ὅτε
564 489 600 556 δὲ
618 486 781 576 γινιόσκει,
809 485 943 557 διώκειν
957 489 1015 556 καὶ
1030 491 1157 571 διῶξαι.
1187 492 1232 558 Et
1246 497 1305 559 359

134 597 167 690 (ἡ
191 602 311 688 διπλῇ)
340 598 392 666 ότι
414 604 469 664 νῦν
496 594 609 682 ὀρθῶς
631 593 766 665 διώκειν
787 596 892 685 λέγει,
923 595 977 665 ὅτε
1004 593 1120 687 φεύγει
1152 596 1307 682 ἐπιγνοὺς

135 704 256 788 αὐτοὺς
274 705 457 791 πολεμίους
480 702 586 785 όντας.

604 913 834 920 ——-

414 1125 600 1200 Λεῖπνον,
625 1117 773 1204 δόρπον
794 1127 839 1206 (et
861 1117 1033 1208 όριστον)

447 1274 537 1360 opud
556 1275 729 1339 Homerum
750 1276 996 1362 dostiuyuuutur.

223 1444 254 1506 Ω
279 1449 337 1509 124
367 1436 399 1526 (ἡ
430 1440 548 1527 διπλῆ)
577 1439 648 1521 ότι,
659 1436 751 1520 ἅπαξ
774 1443 829 1505 νῦν
856 1437 890 1505 έν
917 1434 1037 1505 Ἰλιάδι
1068 1438 1126 1505 καὶ
1155 1437 1248 1519 ἅπαξ
1274 1437 1309 1504 ἐν

135 1545 314 1636 Ὀδυσσείᾳ
340 1551 380 1630 (π
399 1549 431 1632 2)
460 1545 499 1612 τὸ
521 1541 670 1630 όριστον,
699 1543 893 1626 ,,έντόνοντο
916 1543 1090 1633 όῖριστονίί·
1123 1543 1192 1613 ἐστι
1213 1545 1250 1612 δέ
1270 1545 1307 1612 τὸ

138 1652 288 1742 πριόϊνον
309 1651 482 1740 ἔμβρωμα·
510 1653 580 1739 τρῖς
601 1659 703 1743 <curig
724 1657 808 1742 cod.)
836 1655 896 1740 γὰρ
918 1653 1046 1744 τροφὰς
1068 1650 1257 1738 ἐλάμβανον
1277 1648 1309 1719 οἳ

138 1761 255 1852 ἥρωες.
300 1771 331 1828 Σ
349 1770 409 1832 560
440 1757 471 1847 (ἡ
497 1762 614 1849 διπλῇ)
646 1760 699 1832 ὅτι
730 1766 864 1831 δεῖπνον
889 1763 927 1830 τὸ
956 1757 1013 1852 ὑφ’
1042 1757 1139 1850 ἡμῶν
1165 1755 1309 1847 δι’ριστον.

142 1877 173 1937 Κ
186 1879 248 1941 578
267 1864 299 1958 (ἦ
318 1871 436 1956 διπλῆ)
460 1866 512 1935 ὅτι
534 1867 591 1936 έπὶ
613 1866 745 1937 πόντιον
760 1876 857 1938 τοῦτο
880 1868 1024 1959 νοητέον,
1048 1864 1107 1936 οὐκ
1130 1867 1187 1935 ἐπὶ
1207 1863 1310 1952 μόνου

139 1974 336 2065 Διομήδους
361 1976 418 2042 καὶ
441 1971 634 2057 Ὀδυσσέως.
676 1978 733 2045 καὶ
765 1976 817 2046 ότι
845 1973 1124 2064 ἠριστοποιοῦντο
1151 1980 1192 2060 (h.
1220 2003 1246 2046 e.
1273 2001 1311 2044 ex

142 2112 240 2154 sensu
261 2081 505 2174 Homerico)·r{
530 2086 591 2172 γὰρ
614 2086 741 2173 πρωϊνὴ
763 2084 893 2174 ἐπέστη.

224 2217 264 2278 Λ
285 2220 324 2282 86
350 2208 402 2278 ότι
423 2207 610 2298 Ζηνόδοτος
636 2207 758 2300 γράφει
780 2208 920 2298 δόρπον·
947 2205 984 2277 οὗ
1008 2206 1098 2295 λέγει
1121 2207 1157 2276 δέ
1179 2211 1313 2276 δεῖπνον

140 2318 202 2409 τὴν
217 2316 392 2406 ἓσπερινὴν
405 2316 531 2408 τροφὴν
547 2322 613 2398 νῦν,
638 2312 725 2386 ἀλλὰ
741 2320 876 2387 δεῖπνον
890 2321 987 2385 καλεῖ
1007 2310 1027 2383 ii
1047 2314 1144 2406 ἡμεῖς
1165 2312 1309 2404 όριστον,

141 2422 227 2494 καθ’
250 2419 293 2514 ἢν
314 2424 403 2514 ὥραν
424 2426 480 2494 καὶ
502 2422 520 2494 ὃ
545 2422 706 2512 δρυτόμος
728 2422 1002 2511 ἆριστοποιεῖται.

225 2541 265 2602 Λ
286 2543 346 2606 730
372 2531 404 2622 (ἡ
430 2536 544 2622 διπλῆ)
571 2531 624 2601 ὅτι
649 2529 838 2623 Ζηνόδοτος
865 2526 987 2624 γρόφει
1009 2538 1154 2603 δεῖπνον·
1187 2528 1313 2620 δόρπον

144 2643 182 2711 δέ
202 2642 290 2730 λέγει
309 2642 370 2730 τὴν
390 2640 566 2732 ἑσπερινὴν
585 2640 727 2732 τροφήν·
751 2637 881 2722 εὐθέως
901 2643 963 2731 γὰρ
987 2647 1261 2729 κατακοιμιῦνται.

227 2754 316 2820 Haec
337 2758 414 2819 sunt
433 2754 609 2820 Aristonici
631 2754 816 2819 testimonia
836 2755 869 2818 in
891 2777 925 2819 re
949 2754 1143 2821 difficillima.

225 2863 298 2927 Hoc
323 2863 466 2928 videmus
493 2861 689 2927 intellexisse
710 2861 932 2926 Aristarchum
958 2885 1123 2947 nunquam
1152 2862 1190 2926 de
1212 2873 1378 2926 coena128

144 2971 330 3055 vespertina
360 2971 444 3055 apud
469 2970 647 3036 Homerum
677 2968 763 3033 aliud
793 2992 911 3034 nomen
942 2970 1073 3035 tolerari
1097 2992 1191 3053 posse
1218 2991 1313 3052 quam

144 3073 289 3159 δόρπον,
320 3100 379 3142 nec
409 3081 521 3142 contra
553 3071 678 3160 δόρπον
711 3076 749 3142 de
780 3077 841 3142 alia
867 3099 967 3142 coena
993 3078 1054 3143 dici
1079 3099 1183 3163 posse.
1231 3076 1315 3142 Vide

142 3186 283 3251 πιοδου
314 3191 374 3252 390
401 3207 470 3269 sqq.
521 3184 624 3262 Quam
650 3183 862 3249 differentiam
887 3186 915 3250 si
940 3185 1076 3251 Vossius
1103 3185 1247 3252 scivisset
1272 3185 1312 3248 ab
1326 3200 1396 3271 (133)

142 3294 331 3360 Aristarcho
347 3296 476 3357 strenue
492 3294 693 3357 observatam
710 3314 788 3368 csse,
812 3293 936 3358 cautior
954 3293 1068 3358 tiisset
1088 3295 1123 3357 in
1144 3293 1314 3377 reprehen-

145 3403 251 3467 dendo
274 3400 489 3483 grammatico.
525 3399 697 3484 Vituperat
712 3399 797 3464 enim
812 3401 864 3481 (ad
878 3401 984 3486 hymn.
1008 3401 1077 3468 Ger.
1095 3426 1126 3486 p.
1141 3406 1204 3484 47),
1227 3401 1316 3486 quod

143 3509 182 3577 ll.
203 3508 249 3573 XI
270 3515 309 3577 86
331 3508 552 3574 Zenodoteum
575 3502 702 3589 δόρπον
728 3507 874 3573 reiiciens
902 3506 1038 3571 δεῖπνον
1058 3511 1213 3593 posuerit.
1253 3509 1314 3590 „So

144 3617 263 3682 nimm
295 3617 363 3681 sein
394 3610 521 3699 δόρπον
547 3614 582 3680 ll.
610 3614 654 3679 Χ]
681 3620 720 3682 86
752 3616 807 3680 der
837 3616 1017 3700 crschhpfte
1044 3617 1229 3682 Holzhauer
1260 3618 1314 3682 des

144 3723 386 3810 Nachmittags3
422 3723 491 3789 sein
524 3722 672 3800 δεῖπνον,
713 3722 849 3788 welches
885 3724 1051 3789 Aristarch
1086 3726 1315 3802 unterschiebt‚

144 3832 245 3897 nahm
271 3855 305 3897 er
332 3855 384 3896 am
410 3832 547 3916 Morgen
576 3854 649 3895 zum
673 3830 799 3913 Beginn
834 3831 889 3896 der
914 3832 1053 3899 Arbeis‘.
1101 3831 1170 3897 Imo
1200 3833 1316 3898 erravit

144 3939 293 4007 Vossius.
326 3938 430 4005 Locus
451 3939 585 4005 Homeri
607 3943 668 4004 est:
1258 3939 1260 3943 ’

230 4049 322 4143 όφρα
342 4052 402 4138 μέν
421 4046 492 4142 ἠὼς
512 4045 553 4140 ἦν
573 4051 630 4118 καὶ
652 4046 766 4132 ἀέξετο
789 4047 877 4139 ἱερὸν
898 4044 998 4140 ἦμαρ,

229 4157 338 4252 τόφρα
358 4155 436 4246 μόλ’
461 4154 659 4249 ἀμφοτέρων
680 4155 767 4244 βέλε’
790 4157 924 4247 ἥπτετο,
946 4164 1049 4227 πῖπτε
1071 4159 1108 4227 δέ
1129 4163 1220 4240 λαός·

228 4261 316 4357 ἦμος
337 4267 374 4335 δὲ
394 4267 555 4356 δρυτόμος
575 4291 638 4350 περ
660 4261 742 4354 ἀνὴρ
765 4261 957 4334 (ὁπλίσσατο
981 4269 1116 4336 δεῖπνον

231 4371 345 4462 οόρεος
365 4374 399 4442 έν
419 4371 588 4467 βήσσῃσιν,
610 4373 685 4442 έπεί
705 4370 731 4440 τ’
756 4373 952 4461 ἐκορέσσατο
971 4380 1083 4462 χεῖρας
1105 4418 1151 4444 -.
