3008 4980
590 323 612 374 1.
635 318 676 374 De
694 315 874 376 athetesibus.
1256 327 1314 391 341

141 492 221 560 bulo
237 485 341 569 ἐξεῖλε
356 489 476 554 abusus
491 509 560 552 esse
575 509 634 572 pro
658 509 696 552 eo
719 486 807 571 quod
828 486 913 571 apud
927 486 1137 552 Ammonium
1151 489 1317 555 invenerat

143 594 314 684 ἀθετῆσαι
327 596 379 661 vel
394 595 505 679 simili)
527 598 584 660 aut
598 594 693 660 obelo
714 594 839 660 notavit
861 595 962 678 (quod
976 596 1138 659 testantur
1151 595 1316 682 Didymus

142 711 185 776 ad
206 706 343 774 eundem
364 702 420 767 ille
441 703 649 767 Ammonium
670 723 852 780 recurrens,
879 705 912 766 et
932 701 1157 786 Aristonicus).
1193 703 1316 770 Partim

141 814 310 883 meditatio
338 811 429 876 duxit
455 832 528 875 eum
550 810 590 875 ed
610 810 766 875 leniorem
787 809 993 888 sententiam,
1021 813 1059 874 ut
1079 812 1118 872 H
1136 815 1196 878 613
1220 805 1255 875 έν
1275 814 1316 900 τῇ

141 919 238 1010 ἓτέρρι
251 923 317 985 ταῖν
328 911 542 1004 Ἀριστάρχου
559 909 619 982 ode
642 911 779 1004 ἒφέρειο
801 913 978 995 καθάπαξ·
1001 912 1037 980 έν
1058 912 1096 981 δὲ
1115 919 1155 1005 τῇ
1179 912 1316 1006 δευτέρᾳ

141 1025 266 1114 άλογσς
286 1018 376 1112 αὐτῷ
396 1020 586 1110 παρέκειτο.
622 1024 686 1090 Pro
706 1016 828 1108 άλυχυς
848 1024 1052 1090 scribendum
1074 1017 1203 1108 ὀβελός,
1229 1027 1317 1111 quod

141 1162 208 1205 non
222 1137 330 1202 minus
347 1137 470 1201 eertum
485 1136 535 1198 est
548 1132 622 1198 ideo
643 1132 730 1216 quod
752 1135 958 1198 enumeratur
978 1132 1013 1197 in
1035 1133 1122 1199 notis
1145 1133 1315 1200 discritiois

141 1247 240 1313 etiam
266 1243 397 1327 „alogus
422 1245 501 1306 nota
528 1262 610 1325 quae
638 1240 679 1304 ad
705 1241 838 1305 mendas
864 1239 1061 1306 adhibetuu“⁸
1099 1240 1212 1308 Isidor.
1238 1240 1315 1311 120

141 1349 396 1440 <Reifferscheid
425 1347 557 1416 Sueton.
584 1370 614 1433 p.
645 1352 703 1415 138
730 1351 763 1412 et
791 1346 874 1431 141).
901 1385 943 1395 —
972 1351 1004 1410 T
1026 1352 1086 1415 365
1113 1341 1316 1414 άθετοῢνται

140 1454 248 1540 στίχοι
268 1454 434 1541 τέσσαρες
462 1453 592 1539 γελοῖον
614 1447 675 1539 γάρ
696 1451 734 1519 τὸ
757 1454 950 1537 βρυχάσθαι
969 1451 1027 1520 τὸν
1046 1447 1212 1536 Ἀχιλλέα,
1236 1451 1259 1542 η’
1280 1479 1316 1521 τε

140 1563 299 1634 συνέπεια
315 1556 412 1629 οὐδὲν
434 1560 521 1650 ζητεῖ
542 1558 794 1650 διαγραφέντων
816 1553 930 1628 αὐτῶν.
967 1556 1040 1628 ὁδί
1054 1557 1218 1641 Σιδώνιος
1230 1556 1316 1650 ἠθε-

139 1671 276 1765 τηκέναι
294 1668 356 1757 μὲν
376 1668 415 1736 τὸ
436 1662 571 1756 προῖτόν
594 1690 696 1757 φησιν
718 1662 827 1734 αὐταῖν
850 1666 929 1747 τοδς
950 1662 1121 1755 άριθμοάς
1141 1671 1173 1754 (l.
1196 1663 1316 1749 αὐτοὺς

138 1776 505 1867 τὸνἈρίοταρχονΜῦ),
525 1773 717 1860 ὕστερονδὲ
738 1774 905 1861 περιελεῖν
925 1774 1002 1855 τοὺς
1024 1771 1164 1862 ὀβελοὺς
1185 1802 1314 1865 ποιητι-

139 1890 198 1960 κὸν
218 1883 417 1972 νομίσαντας
438 1886 471 1969 (l.
494 1889 565 1971 -τα)
586 1883 624 1953 τὸ
647 1885 805 1951 τοιοῦτος
828 1878 845 1950 ὁ
868 1879 985 1968 μέντοι
999 1878 1191 1970 Ἀμμώνιος
1212 1883 1247 1952 ἐν
1267 1891 1320 1974 τηῖ.

138 1997 217 2080 περὶ
247 2000 308 2084 της
340 1988 583 2081 ε’πεκδοθείσης
616 1987 834 2078 διορθώσεως
867 1985 964 2059 οὐδὲν
996 1997 1127 2061 τοιοῦτο
1160 1991 1313 2080 λέγειῊῑ).

138 2107 264 2174 Deinde
285 2105 320 2170 in
342 2104 535 2189 quibusdem
555 2102 693 2168 liberum
715 2102 847 2187 reliquit
867 2102 1030 2184 iudicium,
1051 2107 1089 2169 ut
1109 2124 1125 2167 ε
1144 2109 1205 2173 337
1223 2096 1313 2185 Ἀρί·
1331 2111 1378 2162 347

138 2235 277 2299 σταρχος
290 2209 369 2295 περί
380 2207 441 2293 μὲν
459 2213 519 2296 τῆς
533 2202 729 2297 άθετήσεως
752 2205 908 2289 διστάζει,
933 2214 1006 2287 eet.;
1028 2211 1197 2277 admonuit
1217 2212 1315 2278 etiam

139 2325 167 2390 si
189 2323 262 2409 quis
283 2320 422 2388 retinere
444 2316 556 2383 mallet
579 2340 643 2403 quo
666 2319 762 2385 modo
785 2319 868 2384 tueri
889 2322 1009 2403 posset.
1047 2318 1100 2385 Sio
1122 2323 1153 2382 Γ
1174 2326 1246 2388 144:

203 2421 264 2495 οὐκ
286 2421 340 2514 οῖη
363 2425 523 2510 (Helena),
545 2420 616 2508 ἅμα
636 2429 676 2515 τῇ
699 2448 734 2509 χε
755 2422 813 2490 καί
834 2417 1031 2515 ἀμφίπολοι
1054 2417 1106 2490 δυ’)
1131 2423 1263 2506 ἕποντο,

203 2530 323 2623 Αἴθρη
345 2537 502 2620 Πιτθῆος
521 2526 673 2620 θυγάτηρ
697 2530 850 2621 Κλυμένη
871 2557 907 2599 τε
926 2536 1075 2618 βοῶπις·

138 2640 170 2711 εί
194 2640 256 2727 μέν
286 2641 346 2730 τὴν
376 2640 511 2729 Θησέως
536 2637 625 2725 λέχει
652 2636 792 2728 μητέρα,
824 2634 1018 2730 άθετητέον·
1052 2634 1225 2709 ἀπίθανον
1251 2636 1396 2730 χάρμαι)

138 2751 228 2819 ἐστιν
239 2746 369 2838 Ἑλένης
383 2742 582 2839 άμφίπολον
596 2739 708 2835 (εἶναι)
721 2747 782 2837 τὴν
805 2746 910 2828 οὕτως
930 2745 1167 2836 δπεραρχαίαυ,
1189 2741 1231 2839 ἣν
1253 2745 1313 2818 οὐκ

138 2857 274 2927 ἐκποιεῖ
298 2858 357 2946 ζην
385 2854 506 2923 διὰτὸ
532 2859 641 2944 μῆκος
661 2860 721 2925 τοῦ
739 2850 868 2943 χρόνου.
912 2851 942 2923 εί
970 2854 1007 2924 δέ
1033 2850 1209 2941 ὁμωνυμία
1231 2854 1310 2937 ἐστι’,

138 2963 299 3052 καθάπερ
318 2963 376 3032 καὶ
396 2961 454 3030 ἐπὶ
473 2961 649 3045 πλειόνων,
675 2958 812 3031 δύναται
832 2962 958 3049 μένειν·
979 2962 1037 3032 καί
1058 2963 1119 3051 γὰρ
1145 2960 1244 3034 άλλοι
1266 2961 1313 3032 εί-

138 3075 191 3144 σὶν
214 3067 386 3160 ὁμώνυμοί
405 3097 491 3152 τινες
512 3071 597 3139 κατὰ
618 3071 659 3139 τδι
678 3066 817 3160 Ἰλιακά,
831 3066 1032 3158 Ἀδραστος,
1059 3069 1223 3157 Τεύθρας,
1253 3069 1312 3141 Οἰ-

139 3184 273 3268 νόμαος.
324 3222 325 3226 =

222 3292 305 3359 Item
330 3293 365 3356 in
390 3292 534 3358 versibus
556 3292 733 3357 notissimis
757 3293 795 3358 de
816 3292 1010 3377 Pylaemene
1033 3295 1081 3371 (N
1099 3298 1169 3361 658.
1197 3298 1270 3376 659)
1294 3286 1312 3359 ὁ

138 3398 200 3485 μὲν
222 3391 465 3487 Ἀριστοφάνης
494 3391 624 3464 άθετεῖ·
663 3394 681 3466 ὁ
709 3395 746 3464 δὲ
768 3392 982 3483 Ἀρίσταρχος
1010 3392 1034 3485 ’ἢ
1065 3394 1198 3465 ἀθετεῖν
1230 3421 1314 3489 φησι

139 3511 209 3576 δεῖν
233 3500 257 3594 ἢ
283 3501 476 3590 ὁμωνυμίαν
497 3501 643 3589 νομίζειν
664 3508 746 3594 (soh.
769 3507 816 3592 V>
839 3508 892 3590 (ef.
912 3511 943 3570 Β
966 3512 1026 3575 837
1048 3502 1270 3596 ,,ἒσημειοῦτο
1294 3504 1312 3575 ὃ

135 3610 349 3703 Ἀρίσταρχος
361 3611 422 3693 τὰς
436 3609 629 3698 ὁμωνυμίας
643 3612 728 3701 πρὸς
740 3613 782 3679 τὰ
797 3612 1079 3697 Πυλαιμένυυς“).
1111 3614 1195 3682 Item
1212 3617 1313 3684 libers

140 3726 231 3810 optio
254 3724 327 3790 data
348 3727 387 3788 A
408 3729 475 3791 222.
520 3723 615 3802 Quod
641 3747 679 3790 eo
709 3724 797 3790 ducit
820 3727 857 3788 ut
878 3725 1023 3808 quamvis
1044 3747 1195 3790 versuum
1218 3726 1311 3791 obelo

139 3836 326 3899 notatorum
355 3833 593 3919 magna‘eopie
620 3833 662 3897 sit
688 3836 797 3898 tamen
817 3854 884 3897 non
905 3835 1026 3897 temere
1050 3832 1090 3896 ad
1111 3834 1313 3899 notationem

207 4061 265 4102 ²⁴4·
283 4058 365 4128 (Fere
382 4056 458 4111 idem
474 4056 531 4111 iam
542 4055 653 4111 Bekker
671 4054 828 4113 coniecerat
845 4075 872 4127 p.
885 4060 948 4113 830:
966 4055 1088 4123 ,αὐτοὺς
1105 4048 1313 4130 Ἀρίσταρχονὲ

141 4135 331 4217 Ἀρίσταρχον
347 4139 415 4206 τοὺς
432 4137 597 4212 στίχουςὲ“>

206 4230 246 4271 24⁶
280 4227 340 4284 Hoc
361 4226 425 4283 ideo
452 4227 559 4282 fastum
581 4229 642 4281 erat
665 4230 711 4297 (ne
734 4227 796 4296 quis
818 4229 888 4284 haec
910 4229 985 4284 inter
1011 4246 1039 4284 se
1062 4245 1189 4300 pugnare
1211 4230 1310 4299 putet),

140 4313 216 4384 quod
236 4311 314 4366 illam
334 4329 436 4367 novam
452 4309 620 4366 sententiam
640 4311 815 4369 Aristarchus
832 4316 896 4385 post
913 4314 1030 4370 alteram
1049 4314 1162 4369 demum
1182 4311 1309 4368 emissam

140 4396 293 4454 editionem
308 4397 339 4453 in
355 4395 450 4455 schola
467 4412 606 4468 exponere
624 4400 762 4468 coeperat,
