<?xml version="1.0" encoding="UTF-8"?>
<!DOCTYPE html PUBLIC "-//W3C//DTD XHTML 1.0 Transitional//EN"
    "http://www.w3.org/TR/xhtml1/DTD/xhtml1-transitional.dtd">
<html xmlns="http://www.w3.org/1999/xhtml" xml:lang="en" lang="en">
 <head>
  <title>
</title>
<meta http-equiv="Content-Type" content="text/html;charset=utf-8" />
  <meta name='ocr-system' content='tesseract 3.04.00' />
  <meta name='ocr-capabilities' content='ocr_page ocr_carea ocr_par ocr_line ocrx_word'/>
</head>
<body>
  <div class='ocr_page' id='page_1' title='image "./dearistarchistu01lehrgoog/dearistarchistu01lehrgoog_0166.png"; bbox 0 0 3046 4980; ppageno 0'>
   <div class='ocr_carea' id='block_1_1' title="bbox 311 333 1319 406">
    <p class='ocr_par' dir='ltr' id='par_1_1' title="bbox 311 333 1319 406">
     <span class='ocr_line' id='line_1_1' title="bbox 311 333 1319 406; baseline 0.001 -15"><span class='ocrx_word' id='word_1_1' title='bbox 311 341 333 394; x_wconf 82' lang='lat'>3.</span> <span class='ocrx_word' id='word_1_2' title='bbox 362 335 496 406; x_wconf 76' lang='lat' dir='ltr'>Reliquae</span> <span class='ocrx_word' id='word_1_3' title='bbox 514 336 662 391; x_wconf 83' lang='lat' dir='ltr'>verborum</span> <span class='ocrx_word' id='word_1_4' title='bbox 678 333 924 405; x_wconf 74' lang='lat' dir='ltr'>interpretationes</span> <span class='ocrx_word' id='word_1_5' title='bbox 942 334 1142 393; x_wconf 68' lang='lat' dir='ltr'>Alistarcheae.</span> <span class='ocrx_word' id='word_1_6' title='bbox 1264 345 1319 404; x_wconf 85' lang='lat'>151</span> 
     </span>
    </p>
   </div>
   <div class='ocr_carea' id='block_1_2' title="bbox 133 491 1400 3816">
    <p class='ocr_par' dir='ltr' id='par_1_2' title="bbox 133 491 1400 3816">
     <span class='ocr_line' id='line_1_2' title="bbox 226 491 1320 588; baseline 0 -20"><span class='ocrx_word' id='word_1_7' title='bbox 226 501 309 568; x_wconf 88' lang='lat' dir='ltr'>Item</span> <span class='ocrx_word' id='word_1_8' title='bbox 324 503 481 586; x_wconf 78' lang='lat' dir='ltr'>quaedam</span> <span class='ocrx_word' id='word_1_9' title='bbox 495 503 606 583; x_wconf 55' lang='lat' dir='ltr'>aliam,</span> <span class='ocrx_word' id='word_1_10' title='bbox 626 496 789 585; x_wconf 92' lang='grc' dir='ltr'><strong><em>πρόπαν</em></strong></span> <span class='ocrx_word' id='word_1_11' title='bbox 809 491 915 588; x_wconf 75' lang='grc' dir='ltr'><strong><em>ἦμαρ</em></strong></span> <span class='ocrx_word' id='word_1_12' title='bbox 938 507 971 568; x_wconf 84' lang='lat' dir='ltr'>et</span> <span class='ocrx_word' id='word_1_13' title='bbox 991 497 1240 588; x_wconf 82' lang='grc' dir='ltr'><strong><em>πανημέριος</em></strong></span> <span class='ocrx_word' id='word_1_14' title='bbox 1255 525 1320 568; x_wconf 91' lang='lat' dir='ltr'>non</span> 
     </span>
     <span class='ocr_line' id='line_1_3' title="bbox 145 604 1322 696; baseline -0.001 -20"><span class='ocrx_word' id='word_1_15' title='bbox 145 614 273 676; x_wconf 88' lang='lat' dir='ltr'>tantum</span> <span class='ocrx_word' id='word_1_16' title='bbox 296 610 335 675; x_wconf 91' lang='lat' dir='ltr'>de</span> <span class='ocrx_word' id='word_1_17' title='bbox 356 613 427 676; x_wconf 87' lang='lat' dir='ltr'>toto</span> <span class='ocrx_word' id='word_1_18' title='bbox 448 611 510 689; x_wconf 89' lang='lat' dir='ltr'>die,</span> <span class='ocrx_word' id='word_1_19' title='bbox 535 612 591 677; x_wconf 87' lang='lat' dir='ltr'>sed</span> <span class='ocrx_word' id='word_1_20' title='bbox 614 612 710 677; x_wconf 88' lang='lat' dir='ltr'>etiam</span> <span class='ocrx_word' id='word_1_21' title='bbox 731 610 796 676; x_wconf 89' lang='lat' dir='ltr'>iam</span> <span class='ocrx_word' id='word_1_22' title='bbox 816 604 1090 695; x_wconf 77' lang='grc' dir='ltr'><strong><em>προεληλαθοίας</em></strong></span> <span class='ocrx_word' id='word_1_23' title='bbox 1110 612 1169 696; x_wconf 78' lang='grc' dir='ltr'>τῆς</span> <span class='ocrx_word' id='word_1_24' title='bbox 1194 605 1322 696; x_wconf 75' lang='grc' dir='ltr'><strong><em>ἡμέρας</em></strong></span> 
     </span>
     <span class='ocr_line' id='line_1_4' title="bbox 144 708 1321 804; baseline 0 -20"><span class='ocrx_word' id='word_1_25' title='bbox 144 720 183 784; x_wconf 92' lang='lat' dir='ltr'>de</span> <span class='ocrx_word' id='word_1_26' title='bbox 209 721 301 804; x_wconf 88' lang='lat' dir='ltr'>parte</span> <span class='ocrx_word' id='word_1_27' title='bbox 328 717 452 803; x_wconf 88' lang='lat' dir='ltr'>reliqua</span> <span class='ocrx_word' id='word_1_28' title='bbox 474 720 514 783; x_wconf 97' lang='lat' dir='ltr'><em>A</em></span> <span class='ocrx_word' id='word_1_29' title='bbox 540 725 607 787; x_wconf 88' lang='grc'><strong>601.</strong></span> <span class='ocrx_word' id='word_1_30' title='bbox 645 722 674 781; x_wconf 88' lang='grc' dir='ltr'>Β</span> <span class='ocrx_word' id='word_1_31' title='bbox 702 723 770 787; x_wconf 89' lang='grc'><strong>385.</strong></span> <span class='ocrx_word' id='word_1_32' title='bbox 806 708 923 793; x_wconf 78' lang='grc' dir='ltr'><strong><em>αὐτός</em></strong></span> <span class='ocrx_word' id='word_1_33' title='bbox 953 719 982 782; x_wconf 87' lang='grc' dir='ltr'>Θ</span> <span class='ocrx_word' id='word_1_34' title='bbox 1010 725 1058 786; x_wconf 90' lang='grc'><strong>99.</strong></span> <span class='ocrx_word' id='word_1_35' title='bbox 1094 711 1190 804; x_wconf 73' lang='grc' dir='ltr'><strong><em>ἔφην</em></strong></span> <span class='ocrx_word' id='word_1_36' title='bbox 1214 722 1254 782; x_wconf 93' lang='grc' dir='ltr'><em>Π</em></span> <span class='ocrx_word' id='word_1_37' title='bbox 1272 726 1321 787; x_wconf 88' lang='grc'>61.</span> 
     </span>
     <span class='ocr_line' id='line_1_5' title="bbox 144 817 1320 914; baseline 0.002 -26"><span class='ocrx_word' id='word_1_38' title='bbox 144 817 255 908; x_wconf 85' lang='grc' dir='ltr'><strong><em>άειρε</em></strong></span> <span class='ocrx_word' id='word_1_39' title='bbox 275 830 307 886; x_wconf 91' lang='grc' dir='ltr'><em>Ζ</em></span> <span class='ocrx_word' id='word_1_40' title='bbox 318 830 389 893; x_wconf 92' lang='grc'><strong>264.</strong></span> <span class='ocrx_word' id='word_1_41' title='bbox 420 818 582 890; x_wconf 71' lang='grc' dir='ltr'><strong><em>ἔκλιναν</em></strong></span> <span class='ocrx_word' id='word_1_42' title='bbox 599 828 690 894; x_wconf 87' lang='grc' dir='ltr'><strong>Ε37.</strong></span> <span class='ocrx_word' id='word_1_43' title='bbox 720 818 855 914; x_wconf 73' lang='grc' dir='ltr'><strong><em>αίθοψ</em></strong></span> <span class='ocrx_word' id='word_1_44' title='bbox 873 848 894 889; x_wconf 90' lang='grc' dir='ltr'><strong><em>κ</em></strong></span> <span class='ocrx_word' id='word_1_45' title='bbox 911 832 969 893; x_wconf 90' lang='grc'>152</span> <span class='ocrx_word' id='word_1_46' title='bbox 985 828 1034 910; x_wconf 64' lang='lat' dir='ltr'>(il).</span> <span class='ocrx_word' id='word_1_47' title='bbox 1063 819 1234 909; x_wconf 83' lang='grc' dir='ltr'><strong><em>κοορίξχ</em></strong></span> <span class='ocrx_word' id='word_1_48' title='bbox 1251 829 1320 896; x_wconf 88' lang='grc'><strong>188.</strong></span> 
     </span>
     <span class='ocr_line' id='line_1_6' title="bbox 133 925 1320 1020; baseline 0.001 -25"><span class='ocrx_word' id='word_1_49' title='bbox 133 930 279 1019; x_wconf 77' lang='grc' dir='ltr'><strong><em>πλωτὴ</em></strong></span> <span class='ocrx_word' id='word_1_50' title='bbox 295 933 396 1018; x_wconf 77' lang='grc' dir='ltr'><strong><em>νῆσος</em></strong></span> <span class='ocrx_word' id='word_1_51' title='bbox 416 956 436 997; x_wconf 91' lang='grc' dir='ltr'><strong><em>κ</em></strong></span> <span class='ocrx_word' id='word_1_52' title='bbox 451 938 480 1001; x_wconf 89' lang='grc'>3.</span> <span class='ocrx_word' id='word_1_53' title='bbox 510 933 662 1020; x_wconf 88' lang='lat' dir='ltr'>Apollon.</span> <span class='ocrx_word' id='word_1_54' title='bbox 678 934 738 1000; x_wconf 84' lang='lat' dir='ltr'>lex.</span> <span class='ocrx_word' id='word_1_55' title='bbox 755 939 822 1002; x_wconf 87' lang='grc'><strong>666.</strong></span> <span class='ocrx_word' id='word_1_56' title='bbox 852 927 1070 1010; x_wconf 79' lang='grc' dir='ltr'><strong><em>παναίολος</em></strong></span> <span class='ocrx_word' id='word_1_57' title='bbox 1085 937 1118 997; x_wconf 88' lang='grc' dir='ltr'><strong><em>Κ</em></strong></span> <span class='ocrx_word' id='word_1_58' title='bbox 1132 940 1181 1000; x_wconf 97' lang='grc'><strong>77.</strong></span> <span class='ocrx_word' id='word_1_59' title='bbox 1204 925 1320 1018; x_wconf 72' lang='grc' dir='ltr'><strong><em>ἠθεῖε</em></strong></span> 
     </span>
     <span class='ocr_line' id='line_1_7' title="bbox 143 1032 1320 1128; baseline -0.003 -21"><span class='ocrx_word' id='word_1_60' title='bbox 143 1045 177 1108; x_wconf 91' lang='lat' dir='ltr'>et</span> <span class='ocrx_word' id='word_1_61' title='bbox 196 1033 301 1128; x_wconf 73' lang='grc' dir='ltr'><strong><em>ἠθείη</em></strong></span> <span class='ocrx_word' id='word_1_62' title='bbox 325 1033 458 1126; x_wconf 79' lang='grc' dir='ltr'><strong><em>κεφαλή</em></strong></span> <span class='ocrx_word' id='word_1_63' title='bbox 480 1044 514 1104; x_wconf 86' lang='grc' dir='ltr'><em>Κ</em></span> <span class='ocrx_word' id='word_1_64' title='bbox 527 1047 575 1109; x_wconf 89' lang='grc'>37.</span> <span class='ocrx_word' id='word_1_65' title='bbox 611 1045 648 1104; x_wconf 93' lang='lat' dir='ltr'><em>X</em></span> <span class='ocrx_word' id='word_1_66' title='bbox 666 1047 737 1110; x_wconf 83' lang='lat'><strong>229.</strong></span> <span class='ocrx_word' id='word_1_67' title='bbox 776 1043 878 1110; x_wconf 66' lang='lat'><strong>4¹94.</strong></span> <span class='ocrx_word' id='word_1_68' title='bbox 909 1032 1029 1106; x_wconf 80' lang='grc' dir='ltr'><strong><em>όκνέω</em></strong></span> <span class='ocrx_word' id='word_1_69' title='bbox 1052 1043 1166 1108; x_wconf 84' lang='grc' dir='ltr'><strong>Ε255.</strong></span> <span class='ocrx_word' id='word_1_70' title='bbox 1201 1062 1320 1121; x_wconf 89' lang='grc' dir='ltr'><strong><em>πυρε-</em></strong></span> 
     </span>
     <span class='ocr_line' id='line_1_8' title="bbox 142 1139 1320 1235; baseline 0.003 -24"><span class='ocrx_word' id='word_1_71' title='bbox 142 1139 211 1224; x_wconf 88' lang='grc' dir='ltr'>τός</span> <span class='ocrx_word' id='word_1_72' title='bbox 231 1152 268 1211; x_wconf 92' lang='grc' dir='ltr'><em>Χ</em></span> <span class='ocrx_word' id='word_1_73' title='bbox 287 1154 324 1216; x_wconf 90' lang='grc'>31</span> <span class='ocrx_word' id='word_1_74' title='bbox 349 1148 399 1232; x_wconf 87' lang='lat' dir='ltr'>(cf.</span> <span class='ocrx_word' id='word_1_75' title='bbox 420 1147 506 1216; x_wconf 81' lang='lat' dir='ltr'>Plut.</span> <span class='ocrx_word' id='word_1_76' title='bbox 527 1171 616 1235; x_wconf 76' lang='lat' dir='ltr'>poce.</span> <span class='ocrx_word' id='word_1_77' title='bbox 639 1148 734 1215; x_wconf 91' lang='lat' dir='ltr'>Hom.</span> <span class='ocrx_word' id='word_1_78' title='bbox 755 1141 787 1231; x_wconf 75' lang='grc' dir='ltr'>β’</span> <span class='ocrx_word' id='word_1_79' title='bbox 806 1153 866 1234; x_wconf 86' lang='grc'><strong>16).</strong></span> <span class='ocrx_word' id='word_1_80' title='bbox 901 1141 1054 1230; x_wconf 87' lang='grc' dir='ltr'><strong><em>καμιναί</em></strong></span> <span class='ocrx_word' id='word_1_81' title='bbox 1068 1147 1161 1214; x_wconf 82' lang='lat' dir='ltr'>Eust.</span> <span class='ocrx_word' id='word_1_82' title='bbox 1184 1148 1224 1214; x_wconf 93' lang='lat' dir='ltr'>ad</span> <span class='ocrx_word' id='word_1_83' title='bbox 1245 1154 1320 1215; x_wconf 89' lang='grc' dir='ltr'>σ27</span> 
     </span>
     <span class='ocr_line' id='line_1_9' title="bbox 143 1248 1321 1343; baseline -0.003 -22"><span class='ocrx_word' id='word_1_84' title='bbox 143 1257 195 1339; x_wconf 86' lang='lat' dir='ltr'>(cf.</span> <span class='ocrx_word' id='word_1_85' title='bbox 218 1255 338 1338; x_wconf 87' lang='lat' dir='ltr'>schol).</span> <span class='ocrx_word' id='word_1_86' title='bbox 374 1248 577 1338; x_wconf 82' lang='grc' dir='ltr'><strong><em>μεσόδμαι</em></strong></span> <span class='ocrx_word' id='word_1_87' title='bbox 603 1256 669 1323; x_wconf 83' lang='lat' dir='ltr'>sch.</span> <span class='ocrx_word' id='word_1_88' title='bbox 689 1280 708 1320; x_wconf 91' lang='grc' dir='ltr'><strong><em>τ</em></strong></span> <span class='ocrx_word' id='word_1_89' title='bbox 730 1263 779 1325; x_wconf 98' lang='grc'>37.</span> <span class='ocrx_word' id='word_1_90' title='bbox 819 1250 944 1343; x_wconf 63' lang='grc' dir='ltr'><strong><em>*λάων</em></strong></span> <span class='ocrx_word' id='word_1_91' title='bbox 970 1248 1192 1339; x_wconf 79' lang='grc' dir='ltr'><strong><em>(ἀσπαίροντα</em></strong></span> <span class='ocrx_word' id='word_1_92' title='bbox 1218 1248 1321 1340; x_wconf 89' lang='grc' dir='ltr'><strong><em>λάων)</em></strong></span> 
     </span>
     <span class='ocr_line' id='line_1_10' title="bbox 141 1358 1320 1451; baseline 0.003 -25"><span class='ocrx_word' id='word_1_93' title='bbox 141 1386 161 1426; x_wconf 92' lang='grc' dir='ltr'><strong><em>τ</em></strong></span> <span class='ocrx_word' id='word_1_94' title='bbox 174 1369 243 1431; x_wconf 91' lang='grc'><strong>229.</strong></span> <span class='ocrx_word' id='word_1_95' title='bbox 273 1364 424 1448; x_wconf 88' lang='lat' dir='ltr'>Apollon.</span> <span class='ocrx_word' id='word_1_96' title='bbox 439 1364 498 1431; x_wconf 86' lang='lat' dir='ltr'>lex.</span> <span class='ocrx_word' id='word_1_97' title='bbox 514 1371 584 1433; x_wconf 89' lang='grc'><strong>520.</strong></span> <span class='ocrx_word' id='word_1_98' title='bbox 615 1358 704 1451; x_wconf 88' lang='grc' dir='ltr'><strong><em>μείρ</em></strong></span> <span class='ocrx_word' id='word_1_99' title='bbox 716 1368 839 1429; x_wconf 71' lang='grc' dir='ltr'><strong><em>εσθαι</em></strong></span> <span class='ocrx_word' id='word_1_100' title='bbox 861 1368 938 1451; x_wconf 82' lang='grc' dir='ltr'><strong><em>(ηαο</em></strong></span> <span class='ocrx_word' id='word_1_101' title='bbox 957 1364 1115 1431; x_wconf 73' lang='lat' dir='ltr'>Zenodoti</span> <span class='ocrx_word' id='word_1_102' title='bbox 1129 1363 1210 1429; x_wconf 87' lang='lat' dir='ltr'>falsa</span> <span class='ocrx_word' id='word_1_103' title='bbox 1224 1363 1320 1430; x_wconf 90' lang='lat' dir='ltr'>lectio</span> 
     </span>
     <span class='ocr_line' id='line_1_11' title="bbox 143 1460 1320 1557; baseline -0.003 -20"><span class='ocrx_word' id='word_1_104' title='bbox 143 1474 298 1555; x_wconf 87' lang='lat' dir='ltr'>correcta)</span> <span class='ocrx_word' id='word_1_105' title='bbox 320 1475 360 1534; x_wconf 88' lang='lat' dir='ltr'><em>H</em></span> <span class='ocrx_word' id='word_1_106' title='bbox 372 1477 441 1539; x_wconf 84' lang='lat'><strong>127.</strong></span> <span class='ocrx_word' id='word_1_107' title='bbox 480 1460 613 1556; x_wconf 78' lang='grc' dir='ltr'><strong><em>οὖρος,</em></strong></span> <span class='ocrx_word' id='word_1_108' title='bbox 636 1464 773 1557; x_wconf 88' lang='grc' dir='ltr'><strong><em>οόρεός</em></strong></span> <span class='ocrx_word' id='word_1_109' title='bbox 794 1475 828 1536; x_wconf 87' lang='grc' dir='ltr'><em>Κ</em></span> <span class='ocrx_word' id='word_1_110' title='bbox 842 1477 890 1541; x_wconf 88' lang='grc'>84.</span> <span class='ocrx_word' id='word_1_111' title='bbox 930 1472 993 1538; x_wconf 90' lang='lat' dir='ltr'>Hic</span> <span class='ocrx_word' id='word_1_112' title='bbox 1014 1494 1124 1538; x_wconf 83' lang='lat' dir='ltr'>versus</span> <span class='ocrx_word' id='word_1_113' title='bbox 1146 1471 1320 1556; x_wconf 64' lang='lat' dir='ltr'>spuriusffl.</span> 
     </span>
     <span class='ocr_line' id='line_1_12' title="bbox 142 1571 1321 1666; baseline 0.001 -23"><span class='ocrx_word' id='word_1_114' title='bbox 142 1573 340 1658; x_wconf 77' lang='grc' dir='ltr'><strong><em>παλίωξις</em></strong></span> <span class='ocrx_word' id='word_1_115' title='bbox 361 1582 405 1641; x_wconf 87' lang='grc' dir='ltr'><strong><em>Μ</em></strong></span> <span class='ocrx_word' id='word_1_116' title='bbox 425 1587 474 1647; x_wconf 93' lang='grc'><strong>71.</strong></span> <span class='ocrx_word' id='word_1_117' title='bbox 504 1579 589 1645; x_wconf 89' lang='lat' dir='ltr'>Hinc</span> <span class='ocrx_word' id='word_1_118' title='bbox 616 1581 698 1649; x_wconf 92' lang='grc'>069</span> <span class='ocrx_word' id='word_1_119' title='bbox 721 1580 848 1666; x_wconf 86' lang='lat' dir='ltr'>spurius</span> <span class='ocrx_word' id='word_1_120' title='bbox 871 1582 912 1662; x_wconf 84' lang='lat' dir='ltr'>(v.</span> <span class='ocrx_word' id='word_1_121' title='bbox 933 1580 1000 1663; x_wconf 72' lang='lat' dir='ltr'>io).</span> <span class='ocrx_word' id='word_1_122' title='bbox 1036 1571 1201 1665; x_wconf 76' lang='grc' dir='ltr'><strong><em>ἡνίοχος</em></strong></span> <span class='ocrx_word' id='word_1_123' title='bbox 1224 1580 1321 1647; x_wconf 72' lang='grc' dir='ltr'>Θ89τ</span> 
     </span>
     <span class='ocr_line' id='line_1_13' title="bbox 144 1687 1319 1773; baseline -0.003 -20"><span class='ocrx_word' id='word_1_124' title='bbox 144 1687 183 1753; x_wconf 84' lang='grc' dir='ltr'>δε</span> <span class='ocrx_word' id='word_1_125' title='bbox 212 1709 277 1771; x_wconf 91' lang='lat' dir='ltr'>quo</span> <span class='ocrx_word' id='word_1_126' title='bbox 305 1709 391 1752; x_wconf 91' lang='lat' dir='ltr'>nunc</span> <span class='ocrx_word' id='word_1_127' title='bbox 419 1688 585 1753; x_wconf 84' lang='lat' dir='ltr'>decurtato</span> <span class='ocrx_word' id='word_1_128' title='bbox 609 1689 673 1752; x_wconf 84' lang='lat' dir='ltr'>dixi</span> <span class='ocrx_word' id='word_1_129' title='bbox 695 1688 736 1753; x_wconf 89' lang='lat' dir='ltr'>ad</span> <span class='ocrx_word' id='word_1_130' title='bbox 756 1687 977 1754; x_wconf 76' lang='lat' dir='ltr'>Aristonicum</span> <span class='ocrx_word' id='word_1_131' title='bbox 998 1687 1029 1753; x_wconf 88' lang='lat' dir='ltr'>h.</span> <span class='ocrx_word' id='word_1_132' title='bbox 1049 1688 1070 1753; x_wconf 88' lang='lat' dir='ltr'>l.</span> <span class='ocrx_word' id='word_1_133' title='bbox 1092 1711 1123 1773; x_wconf 90' lang='lat' dir='ltr'>p.</span> <span class='ocrx_word' id='word_1_134' title='bbox 1149 1691 1216 1754; x_wconf 89' lang='grc'><strong>139.</strong></span> <span class='ocrx_word' id='word_1_135' title='bbox 1253 1709 1319 1772; x_wconf 90' lang='grc' dir='ltr'>νη-</span> 
     </span>
     <span class='ocr_line' id='line_1_14' title="bbox 144 1788 1385 1881; baseline 0.002 -25"><span class='ocrx_word' id='word_1_136' title='bbox 144 1788 293 1870; x_wconf 87' lang='grc' dir='ltr'><strong><em>λίτιδες</em></strong></span> <span class='ocrx_word' id='word_1_137' title='bbox 313 1816 332 1856; x_wconf 88' lang='grc' dir='ltr'><strong><em>τ</em></strong></span> <span class='ocrx_word' id='word_1_138' title='bbox 352 1800 420 1864; x_wconf 88' lang='grc'><strong>498.</strong></span> <span class='ocrx_word' id='word_1_139' title='bbox 463 1793 615 1880; x_wconf 88' lang='lat' dir='ltr'>Apollon.</span> <span class='ocrx_word' id='word_1_140' title='bbox 643 1794 705 1860; x_wconf 85' lang='lat' dir='ltr'>lex.</span> <span class='ocrx_word' id='word_1_141' title='bbox 727 1802 788 1862; x_wconf 82' lang='lat'>574</span> <span class='ocrx_word' id='word_1_142' title='bbox 817 1795 898 1877; x_wconf 87' lang='lat' dir='ltr'>(iure</span> <span class='ocrx_word' id='word_1_143' title='bbox 919 1795 1101 1881; x_wconf 84' lang='lat' dir='ltr'>improbata</span> <span class='ocrx_word' id='word_1_144' title='bbox 1128 1794 1196 1861; x_wconf 87' lang='lat' dir='ltr'>eius</span> <span class='ocrx_word' id='word_1_145' title='bbox 1217 1794 1385 1860; x_wconf 82' lang='lat' dir='ltr'>inter-152</span> 
     </span>
     <span class='ocr_line' id='line_1_15' title="bbox 142 1892 1321 1988; baseline -0.002 -21"><span class='ocrx_word' id='word_1_146' title='bbox 142 1903 281 1987; x_wconf 79' lang='lat' dir='ltr'>protetio</span> <span class='ocrx_word' id='word_1_147' title='bbox 306 1900 481 1986; x_wconf 86' lang='lat' dir='ltr'>Passovio).</span> <span class='ocrx_word' id='word_1_148' title='bbox 523 1899 765 1986; x_wconf 81' lang='grc' dir='ltr'><strong><em>κρατευτάων</em></strong></span> <span class='ocrx_word' id='word_1_149' title='bbox 801 1892 951 1987; x_wconf 85' lang='lat' dir='ltr'>Apollon.</span> <span class='ocrx_word' id='word_1_150' title='bbox 984 1927 1016 1988; x_wconf 87' lang='lat' dir='ltr'>p.</span> <span class='ocrx_word' id='word_1_151' title='bbox 1045 1910 1114 1971; x_wconf 88' lang='grc'><strong>566.</strong></span> <span class='ocrx_word' id='word_1_152' title='bbox 1158 1897 1321 1967; x_wconf 83' lang='grc' dir='ltr'><strong><em>κλίσιον</em></strong></span> 
     </span>
     <span class='ocr_line' id='line_1_16' title="bbox 142 2008 1320 2096; baseline 0 -21"><span class='ocrx_word' id='word_1_153' title='bbox 142 2009 295 2094; x_wconf 82' lang='lat' dir='ltr'>Apollon.</span> <span class='ocrx_word' id='word_1_154' title='bbox 325 2015 394 2077; x_wconf 88' lang='grc'><strong>484.</strong></span> <span class='ocrx_word' id='word_1_155' title='bbox 429 2008 585 2094; x_wconf 75' lang='lat' dir='ltr'>Poiphyr.</span> <span class='ocrx_word' id='word_1_156' title='bbox 606 2009 648 2074; x_wconf 90' lang='lat' dir='ltr'>ad</span> <span class='ocrx_word' id='word_1_157' title='bbox 669 2012 689 2072; x_wconf 84' lang='grc' dir='ltr'><strong><em>Ι</em></strong></span> <span class='ocrx_word' id='word_1_158' title='bbox 707 2016 755 2078; x_wconf 90' lang='grc'><strong>96.</strong></span> <span class='ocrx_word' id='word_1_159' title='bbox 800 2010 972 2095; x_wconf 76' lang='lat' dir='ltr'>Porphynii</span> <span class='ocrx_word' id='word_1_160' title='bbox 1000 2010 1102 2095; x_wconf 88' lang='lat' dir='ltr'>ipsius</span> <span class='ocrx_word' id='word_1_161' title='bbox 1133 2010 1320 2096; x_wconf 83' lang='lat' dir='ltr'>impeditam</span> 
     </span>
     <span class='ocr_line' id='line_1_17' title="bbox 143 2115 1320 2204; baseline 0 -21"><span class='ocrx_word' id='word_1_162' title='bbox 143 2117 337 2184; x_wconf 85' lang='lat' dir='ltr'>sententiam</span> <span class='ocrx_word' id='word_1_163' title='bbox 363 2116 474 2182; x_wconf 87' lang='lat' dir='ltr'>tabula</span> <span class='ocrx_word' id='word_1_164' title='bbox 501 2115 694 2182; x_wconf 77' lang='lat' dir='ltr'>illustratam</span> <span class='ocrx_word' id='word_1_165' title='bbox 725 2118 868 2183; x_wconf 86' lang='lat' dir='ltr'>invenies</span> <span class='ocrx_word' id='word_1_166' title='bbox 896 2141 914 2182; x_wconf 90' lang='lat' dir='ltr'>a</span> <span class='ocrx_word' id='word_1_167' title='bbox 942 2117 1124 2198; x_wconf 87' lang='lat' dir='ltr'>Kammero‚</span> <span class='ocrx_word' id='word_1_168' title='bbox 1149 2118 1320 2204; x_wconf 83' lang='lat' dir='ltr'>Porphyrii</span> 
     </span>
     <span class='ocr_line' id='line_1_18' title="bbox 143 2224 1321 2311; baseline 0 -20"><span class='ocrx_word' id='word_1_169' title='bbox 143 2226 265 2291; x_wconf 88' lang='lat' dir='ltr'>scholia</span> <span class='ocrx_word' id='word_1_170' title='bbox 289 2225 461 2291; x_wconf 87' lang='lat' dir='ltr'>Homerica</span> <span class='ocrx_word' id='word_1_171' title='bbox 489 2225 708 2291; x_wconf 89' lang='lat' dir='ltr'>emendatiora</span> <span class='ocrx_word' id='word_1_172' title='bbox 731 2250 761 2311; x_wconf 91' lang='lat' dir='ltr'>p.</span> <span class='ocrx_word' id='word_1_173' title='bbox 787 2233 836 2295; x_wconf 91' lang='grc'><strong>59.</strong></span> <span class='ocrx_word' id='word_1_174' title='bbox 871 2224 979 2311; x_wconf 78' lang='grc' dir='ltr'><strong><em>κῆλα</em></strong></span> <span class='ocrx_word' id='word_1_175' title='bbox 1000 2225 1154 2310; x_wconf 87' lang='lat' dir='ltr'>Apollon.</span> <span class='ocrx_word' id='word_1_176' title='bbox 1177 2233 1245 2294; x_wconf 91' lang='grc'><strong>476.</strong></span> <span class='ocrx_word' id='word_1_177' title='bbox 1282 2227 1321 2291; x_wconf 90' lang='lat' dir='ltr'>cf.</span> 
     </span>
     <span class='ocr_line' id='line_1_19' title="bbox 143 2331 1320 2418; baseline 0.001 -20"><span class='ocrx_word' id='word_1_178' title='bbox 143 2332 243 2399; x_wconf 87' lang='lat' dir='ltr'>schol.</span> <span class='ocrx_word' id='word_1_179' title='bbox 281 2335 321 2395; x_wconf 88' lang='lat' dir='ltr'><em>A</em></span> <span class='ocrx_word' id='word_1_180' title='bbox 344 2338 414 2400; x_wconf 87' lang='lat'><strong>584.</strong></span> <span class='ocrx_word' id='word_1_181' title='bbox 462 2334 507 2394; x_wconf 88' lang='lat' dir='ltr'><em>M</em></span> <span class='ocrx_word' id='word_1_182' title='bbox 532 2338 593 2401; x_wconf 89' lang='lat'>280</span> <span class='ocrx_word' id='word_1_183' title='bbox 622 2335 661 2415; x_wconf 92' lang='lat' dir='ltr'>(v.</span> <span class='ocrx_word' id='word_1_184' title='bbox 690 2332 787 2418; x_wconf 94' lang='lat' dir='ltr'>Soph.</span> <span class='ocrx_word' id='word_1_185' title='bbox 819 2331 933 2399; x_wconf 82' lang='lat' dir='ltr'>Trach.</span> <span class='ocrx_word' id='word_1_186' title='bbox 964 2338 1053 2402; x_wconf 82' lang='lat'><strong>1086.</strong></span> <span class='ocrx_word' id='word_1_187' title='bbox 1098 2333 1203 2400; x_wconf 86' lang='lat' dir='ltr'>Schol</span> <span class='ocrx_word' id='word_1_188' title='bbox 1228 2332 1320 2399; x_wconf 90' lang='lat' dir='ltr'>Pind.</span> 
     </span>
     <span class='ocr_line' id='line_1_20' title="bbox 142 2434 1320 2526; baseline 0.003 -21"><span class='ocrx_word' id='word_1_189' title='bbox 142 2439 237 2526; x_wconf 87' lang='lat' dir='ltr'><strong>Pyth.</strong></span> <span class='ocrx_word' id='word_1_190' title='bbox 258 2441 291 2504; x_wconf 82' lang='lat' dir='ltr'><em>A</em></span> <span class='ocrx_word' id='word_1_191' title='bbox 312 2445 386 2521; x_wconf 88' lang='grc'><strong>344,</strong></span> <span class='ocrx_word' id='word_1_192' title='bbox 415 2441 472 2506; x_wconf 92' lang='lat' dir='ltr'>ubi</span> <span class='ocrx_word' id='word_1_193' title='bbox 490 2443 566 2526; x_wconf 91' lang='lat' dir='ltr'>post</span> <span class='ocrx_word' id='word_1_194' title='bbox 587 2435 673 2517; x_wconf 83' lang='grc' dir='ltr'><strong><em>Διός</em></strong></span> <span class='ocrx_word' id='word_1_195' title='bbox 698 2442 756 2506; x_wconf 89' lang='lat' dir='ltr'>ins.</span> <span class='ocrx_word' id='word_1_196' title='bbox 784 2435 913 2524; x_wconf 83' lang='grc' dir='ltr'>ὅπλον).</span> <span class='ocrx_word' id='word_1_197' title='bbox 960 2434 1115 2525; x_wconf 86' lang='grc' dir='ltr'><strong><em>καλάμη</em></strong></span> <span class='ocrx_word' id='word_1_198' title='bbox 1138 2441 1192 2523; x_wconf 83' lang='lat' dir='ltr'>(ad</span> <span class='ocrx_word' id='word_1_199' title='bbox 1210 2439 1230 2519; x_wconf 85' lang='grc' dir='ltr'><strong><em>ξ</em></strong></span> <span class='ocrx_word' id='word_1_200' title='bbox 1246 2443 1320 2523; x_wconf 91' lang='grc'><strong>214)</strong></span> 
     </span>
     <span class='ocr_line' id='line_1_21' title="bbox 141 2540 1319 2635; baseline 0 -21"><span class='ocrx_word' id='word_1_201' title='bbox 141 2547 296 2634; x_wconf 83' lang='lat' dir='ltr'>Apollon.</span> <span class='ocrx_word' id='word_1_202' title='bbox 312 2553 381 2616; x_wconf 92' lang='grc'><strong>456.</strong></span> <span class='ocrx_word' id='word_1_203' title='bbox 415 2543 511 2635; x_wconf 76' lang='grc' dir='ltr'><strong><em>κόρη</em></strong></span> <span class='ocrx_word' id='word_1_204' title='bbox 527 2540 633 2632; x_wconf 75' lang='grc' dir='ltr'><strong><em>άνλαὲ</em></strong></span> <span class='ocrx_word' id='word_1_205' title='bbox 647 2552 687 2613; x_wconf 94' lang='lat' dir='ltr'><em>A</em></span> <span class='ocrx_word' id='word_1_206' title='bbox 703 2554 774 2618; x_wconf 88' lang='grc'><strong>385.</strong></span> <span class='ocrx_word' id='word_1_207' title='bbox 805 2544 888 2630; x_wconf 80' lang='grc' dir='ltr'><strong><em>βοὸς</em></strong></span> <span class='ocrx_word' id='word_1_208' title='bbox 908 2543 1007 2633; x_wconf 84' lang='grc' dir='ltr'><strong><em>κέρας</em></strong></span> <span class='ocrx_word' id='word_1_209' title='bbox 1027 2570 1052 2630; x_wconf 91' lang='grc' dir='ltr'>μ</span> <span class='ocrx_word' id='word_1_210' title='bbox 1069 2553 1140 2616; x_wconf 90' lang='grc'><strong>253.</strong></span> <span class='ocrx_word' id='word_1_211' title='bbox 1166 2547 1319 2634; x_wconf 82' lang='lat' dir='ltr'>Apollon.</span> 
     </span>
     <span class='ocr_line' id='line_1_22' title="bbox 143 2647 1320 2741; baseline -0.003 -16"><span class='ocrx_word' id='word_1_212' title='bbox 143 2663 213 2725; x_wconf 87' lang='grc'><strong>472.</strong></span> <span class='ocrx_word' id='word_1_213' title='bbox 246 2648 390 2732; x_wconf 72' lang='grc' dir='ltr'><strong><em>ίονδάς</em></strong></span> <span class='ocrx_word' id='word_1_214' title='bbox 417 2655 568 2741; x_wconf 86' lang='lat' dir='ltr'>Apollon.</span> <span class='ocrx_word' id='word_1_215' title='bbox 591 2661 652 2726; x_wconf 87' lang='lat'>438</span> <span class='ocrx_word' id='word_1_216' title='bbox 675 2658 744 2740; x_wconf 91' lang='lat' dir='ltr'>(ubi</span> <span class='ocrx_word' id='word_1_217' title='bbox 766 2657 806 2721; x_wconf 91' lang='lat' dir='ltr'>ab</span> <span class='ocrx_word' id='word_1_218' title='bbox 829 2647 994 2732; x_wconf 73' lang='grc' dir='ltr'><strong><em>ἰονθάδος</em></strong></span> <span class='ocrx_word' id='word_1_219' title='bbox 1014 2656 1194 2722; x_wconf 70' lang='lat' dir='ltr'>Alistarchi</span> <span class='ocrx_word' id='word_1_220' title='bbox 1221 2658 1320 2722; x_wconf 86' lang='lat' dir='ltr'>verba</span> 
     </span>
     <span class='ocr_line' id='line_1_23' title="bbox 142 2763 1321 2849; baseline 0 -19"><span class='ocrx_word' id='word_1_221' title='bbox 142 2768 219 2831; x_wconf 90' lang='lat' dir='ltr'>suut</span> <span class='ocrx_word' id='word_1_222' title='bbox 243 2787 282 2829; x_wconf 88' lang='lat' dir='ltr'>ex</span> <span class='ocrx_word' id='word_1_223' title='bbox 308 2763 552 2840; x_wconf 80' lang='lat' dir='ltr'>commentari03</span> <span class='ocrx_word' id='word_1_224' title='bbox 590 2768 622 2830; x_wconf 89' lang='lat' dir='ltr'>et</span> <span class='ocrx_word' id='word_1_225' title='bbox 647 2787 758 2831; x_wconf 86' lang='lat' dir='ltr'>versus</span> <span class='ocrx_word' id='word_1_226' title='bbox 781 2763 952 2849; x_wconf 80' lang='lat' dir='ltr'>Sophoclis</span> <span class='ocrx_word' id='word_1_227' title='bbox 980 2764 1167 2830; x_wconf 86' lang='lat' dir='ltr'>scribendus</span> <span class='ocrx_word' id='word_1_228' title='bbox 1193 2764 1321 2830; x_wconf 88' lang='lat' dir='ltr'>videtur</span> 
     </span>
     <span class='ocr_line' id='line_1_24' title="bbox 142 2864 1320 2958; baseline -0.003 -21"><span class='ocrx_word' id='word_1_229' title='bbox 142 2868 206 2957; x_wconf 77' lang='grc' dir='ltr'>ἐγὼ</span> <span class='ocrx_word' id='word_1_230' title='bbox 234 2868 397 2956; x_wconf 78' lang='grc' dir='ltr'><strong><em>μέλαιναν</em></strong></span> <span class='ocrx_word' id='word_1_231' title='bbox 422 2864 599 2950; x_wconf 78' lang='grc' dir='ltr'><strong><em>ε’ξιονθίζω</em></strong></span> <span class='ocrx_word' id='word_1_232' title='bbox 629 2865 724 2958; x_wconf 89' lang='grc' dir='ltr'><strong><em>τρίχα</em></strong></span> <span class='ocrx_word' id='word_1_233' title='bbox 745 2895 803 2957; x_wconf 88' lang='lat' dir='ltr'>pro</span> <span class='ocrx_word' id='word_1_234' title='bbox 825 2865 907 2953; x_wconf 91' lang='grc' dir='ltr'><strong><em>μίαν</em></strong></span> <span class='ocrx_word' id='word_1_235' title='bbox 928 2866 987 2953; x_wconf 78' lang='grc' dir='ltr'>μὲν</span> <span class='ocrx_word' id='word_1_236' title='bbox 1010 2867 1033 2938; x_wconf 78' lang='grc' dir='ltr'>ἒ,</span> <span class='ocrx_word' id='word_1_237' title='bbox 1051 2865 1183 2955; x_wconf 84' lang='grc' dir='ltr'>τρίχας).</span> <span class='ocrx_word' id='word_1_238' title='bbox 1223 2865 1320 2934; x_wconf 79' lang='grc' dir='ltr'><strong><em>ὗλα-</em></strong></span> 
     </span>
     <span class='ocr_line' id='line_1_25' title="bbox 142 2971 1319 3064; baseline 0 -20"><span class='ocrx_word' id='word_1_239' title='bbox 142 2971 337 3064; x_wconf 88' lang='grc' dir='ltr'><strong><em>κόμωρος,</em></strong></span> <span class='ocrx_word' id='word_1_240' title='bbox 370 2973 656 3063; x_wconf 77' lang='grc' dir='ltr'><strong><em>ἐγχεσίμωρος,</em></strong></span> <span class='ocrx_word' id='word_1_241' title='bbox 694 2973 870 3064; x_wconf 86' lang='grc' dir='ltr'><strong><em>ίόμωρος</em></strong></span> <span class='ocrx_word' id='word_1_242' title='bbox 900 2979 999 3045; x_wconf 89' lang='lat' dir='ltr'>schol.</span> <span class='ocrx_word' id='word_1_243' title='bbox 1029 2981 1119 3058; x_wconf 83' lang='grc' dir='ltr'><strong>ξ29.</strong></span> <span class='ocrx_word' id='word_1_244' title='bbox 1165 2977 1319 3063; x_wconf 87' lang='lat' dir='ltr'>Apollon.</span> 
     </span>
     <span class='ocr_line' id='line_1_26' title="bbox 142 3080 1318 3173; baseline 0.003 -23"><span class='ocrx_word' id='word_1_245' title='bbox 142 3095 212 3158; x_wconf 86' lang='lat'><strong>438.</strong></span> <span class='ocrx_word' id='word_1_246' title='bbox 249 3080 373 3173; x_wconf 83' lang='grc' dir='ltr'><strong><em>άαιροι</em></strong></span> <span class='ocrx_word' id='word_1_247' title='bbox 394 3080 499 3163; x_wconf 88' lang='grc' dir='ltr'><strong><em>πόδες</em></strong></span> <span class='ocrx_word' id='word_1_248' title='bbox 520 3087 646 3172; x_wconf 83' lang='lat' dir='ltr'>Scyllae</span> <span class='ocrx_word' id='word_1_249' title='bbox 672 3110 696 3168; x_wconf 92' lang='grc' dir='ltr'><strong><em>μ</em></strong></span> <span class='ocrx_word' id='word_1_250' title='bbox 720 3094 768 3156; x_wconf 88' lang='grc'><strong>89.</strong></span> <span class='ocrx_word' id='word_1_251' title='bbox 809 3081 1043 3173; x_wconf 74' lang='grc' dir='ltr'><strong><em>ἐμπλήγδην</em></strong></span> <span class='ocrx_word' id='word_1_252' title='bbox 1069 3087 1220 3172; x_wconf 90' lang='lat' dir='ltr'>Apollon.</span> <span class='ocrx_word' id='word_1_253' title='bbox 1250 3093 1318 3156; x_wconf 85' lang='lat'><strong>320.</strong></span> 
     </span>
     <span class='ocr_line' id='line_1_27' title="bbox 140 3188 1318 3283; baseline 0.001 -24"><span class='ocrx_word' id='word_1_254' title='bbox 140 3189 242 3283; x_wconf 55' lang='lat' dir='ltr'>*aad</span> <span class='ocrx_word' id='word_1_255' title='bbox 249 3218 326 3280; x_wconf 90' lang='grc' dir='ltr'>τωρ</span> <span class='ocrx_word' id='word_1_256' title='bbox 349 3197 380 3278; x_wconf 85' lang='lat' dir='ltr'>(i.</span> <span class='ocrx_word' id='word_1_257' title='bbox 404 3218 432 3279; x_wconf 90' lang='lat' dir='ltr'>q.</span> <span class='ocrx_word' id='word_1_258' title='bbox 455 3188 654 3281; x_wconf 79' lang='grc' dir='ltr'><strong><em>δμοφητωρ,</em></strong></span> <span class='ocrx_word' id='word_1_259' title='bbox 680 3219 746 3261; x_wconf 89' lang='lat' dir='ltr'>uon</span> <span class='ocrx_word' id='word_1_260' title='bbox 768 3199 805 3261; x_wconf 88' lang='lat' dir='ltr'>ut</span> <span class='ocrx_word' id='word_1_261' title='bbox 826 3195 1055 3282; x_wconf 83' lang='lat' dir='ltr'>glossographi</span> <span class='ocrx_word' id='word_1_262' title='bbox 1079 3199 1111 3260; x_wconf 88' lang='lat' dir='ltr'>et</span> <span class='ocrx_word' id='word_1_263' title='bbox 1133 3194 1318 3260; x_wconf 87' lang='lat' dir='ltr'>Zenodotus</span> 
     </span>
     <span class='ocr_line' id='line_1_28' title="bbox 142 3294 1319 3391; baseline -0.004 -20"><span class='ocrx_word' id='word_1_264' title='bbox 142 3296 361 3391; x_wconf 81' lang='grc' dir='ltr'><strong><em>όστροφεός)</em></strong></span> <span class='ocrx_word' id='word_1_265' title='bbox 390 3307 504 3372; x_wconf 73' lang='grc'><strong>1464.</strong></span> <span class='ocrx_word' id='word_1_266' title='bbox 550 3298 604 3388; x_wconf 65' lang='grc' dir='ltr'>*ἐν</span> <span class='ocrx_word' id='word_1_267' title='bbox 638 3300 755 3390; x_wconf 86' lang='grc' dir='ltr'><strong><em>καρὸς</em></strong></span> <span class='ocrx_word' id='word_1_268' title='bbox 785 3296 862 3391; x_wconf 82' lang='grc' dir='ltr'><strong><em>α’ίοη</em></strong></span> <span class='ocrx_word' id='word_1_269' title='bbox 890 3307 910 3366; x_wconf 88' lang='lat' dir='ltr'>l</span> <span class='ocrx_word' id='word_1_270' title='bbox 937 3309 1006 3372; x_wconf 90' lang='grc'><strong>378.</strong></span> <span class='ocrx_word' id='word_1_271' title='bbox 1055 3294 1319 3383; x_wconf 81' lang='grc' dir='ltr'><strong><em>ἐπιστάμενος</em></strong></span> 
     </span>
     <span class='ocr_line' id='line_1_29' title="bbox 142 3404 1400 3498; baseline -0.003 -21"><span class='ocrx_word' id='word_1_272' title='bbox 142 3412 293 3498; x_wconf 91' lang='lat' dir='ltr'>Apollon.</span> <span class='ocrx_word' id='word_1_273' title='bbox 315 3415 385 3480; x_wconf 87' lang='grc'><strong>348.</strong></span> <span class='ocrx_word' id='word_1_274' title='bbox 422 3404 531 3496; x_wconf 76' lang='grc' dir='ltr'><strong><em>ἓρμίς</em></strong></span> <span class='ocrx_word' id='word_1_275' title='bbox 551 3411 594 3478; x_wconf 90' lang='lat' dir='ltr'>ib.</span> <span class='ocrx_word' id='word_1_276' title='bbox 618 3417 685 3479; x_wconf 87' lang='grc'><strong>362.</strong></span> <span class='ocrx_word' id='word_1_277' title='bbox 722 3405 895 3498; x_wconf 81' lang='grc' dir='ltr'><strong><em>στεφάνη</em></strong></span> <span class='ocrx_word' id='word_1_278' title='bbox 918 3412 961 3477; x_wconf 90' lang='lat' dir='ltr'>ib.</span> <span class='ocrx_word' id='word_1_279' title='bbox 977 3416 1047 3479; x_wconf 87' lang='grc'><strong>468.</strong></span> <span class='ocrx_word' id='word_1_280' title='bbox 1071 3415 1139 3477; x_wconf 88' lang='grc'><strong>734.</strong></span> <span class='ocrx_word' id='word_1_281' title='bbox 1161 3407 1400 3496; x_wconf 66' lang='grc' dir='ltr'><strong><em>σκῶλοςηιεε)</em></strong></span> 
     </span>
     <span class='ocr_line' id='line_1_30' title="bbox 138 3510 1318 3605; baseline -0.006 -19"><span class='ocrx_word' id='word_1_282' title='bbox 138 3522 182 3587; x_wconf 92' lang='lat' dir='ltr'>ib.</span> <span class='ocrx_word' id='word_1_283' title='bbox 204 3527 274 3588; x_wconf 83' lang='lat'><strong>726.</strong></span> <span class='ocrx_word' id='word_1_284' title='bbox 306 3511 567 3601; x_wconf 72' lang='grc' dir='ltr'><strong><em>ἐπαιγίζοντα</em></strong></span> <span class='ocrx_word' id='word_1_285' title='bbox 595 3519 637 3586; x_wconf 89' lang='lat' dir='ltr'>ib.</span> <span class='ocrx_word' id='word_1_286' title='bbox 665 3524 734 3586; x_wconf 89' lang='lat'><strong>332.</strong></span> <span class='ocrx_word' id='word_1_287' title='bbox 774 3513 922 3605; x_wconf 76' lang='grc' dir='ltr'><strong><em>ἐπητής</em></strong></span> <span class='ocrx_word' id='word_1_288' title='bbox 946 3519 988 3584; x_wconf 89' lang='lat' dir='ltr'>ib.</span> <span class='ocrx_word' id='word_1_289' title='bbox 1011 3523 1080 3585; x_wconf 84' lang='lat'><strong>338.</strong></span> <span class='ocrx_word' id='word_1_290' title='bbox 1115 3510 1318 3603; x_wconf 64' lang='grc' dir='ltr'><strong><em>*ὀαρίζειν</em></strong></span> 
     </span>
     <span class='ocr_line' id='line_1_31' title="bbox 139 3616 1316 3713; baseline 0.001 -21"><span class='ocrx_word' id='word_1_291' title='bbox 139 3634 175 3692; x_wconf 91' lang='grc' dir='ltr'><em>Χ</em></span> <span class='ocrx_word' id='word_1_292' title='bbox 198 3634 264 3696; x_wconf 92' lang='grc'><strong>128.</strong></span> <span class='ocrx_word' id='word_1_293' title='bbox 285 3628 352 3711; x_wconf 89' lang='grc' dir='ltr'>κρῖ</span> <span class='ocrx_word' id='word_1_294' title='bbox 372 3626 523 3711; x_wconf 88' lang='lat' dir='ltr'>Apollon.</span> <span class='ocrx_word' id='word_1_295' title='bbox 544 3633 605 3695; x_wconf 88' lang='lat'>504</span> <span class='ocrx_word' id='word_1_296' title='bbox 627 3626 716 3708; x_wconf 83' lang='lat' dir='ltr'>(Lob.</span> <span class='ocrx_word' id='word_1_297' title='bbox 738 3649 805 3713; x_wconf 87' lang='lat' dir='ltr'>par.</span> <span class='ocrx_word' id='word_1_298' title='bbox 823 3630 904 3710; x_wconf 85' lang='lat'><strong>115).</strong></span> <span class='ocrx_word' id='word_1_299' title='bbox 940 3618 1063 3710; x_wconf 72' lang='grc' dir='ltr'><strong><em>όρθια</em></strong></span> <span class='ocrx_word' id='word_1_300' title='bbox 1085 3616 1166 3710; x_wconf 70' lang='grc' dir='ltr'><strong><em>ἤϋσε</em></strong></span> <span class='ocrx_word' id='word_1_301' title='bbox 1187 3625 1230 3689; x_wconf 91' lang='lat' dir='ltr'>ib.</span> <span class='ocrx_word' id='word_1_302' title='bbox 1247 3631 1316 3693; x_wconf 87' lang='grc'><strong>612.</strong></span> 
     </span>
     <span class='ocr_line' id='line_1_32' title="bbox 139 3727 1318 3816; baseline -0.003 -16"><span class='ocrx_word' id='word_1_303' title='bbox 139 3727 332 3801; x_wconf 81' lang='grc' dir='ltr'><strong><em>πολύαιν’</em></strong></span> <span class='ocrx_word' id='word_1_304' title='bbox 360 3727 502 3798; x_wconf 84' lang='grc' dir='ltr'><strong><em>Ὀδυσεῦ</em></strong></span> <span class='ocrx_word' id='word_1_305' title='bbox 531 3734 574 3800; x_wconf 92' lang='lat' dir='ltr'>ib.</span> <span class='ocrx_word' id='word_1_306' title='bbox 598 3741 666 3802; x_wconf 90' lang='grc'><strong>676.</strong></span> <span class='ocrx_word' id='word_1_307' title='bbox 711 3728 920 3816; x_wconf 78' lang='grc' dir='ltr'><strong><em>συνώμεθα</em></strong></span> <span class='ocrx_word' id='word_1_308' title='bbox 947 3734 990 3798; x_wconf 88' lang='lat' dir='ltr'>ib.</span> <span class='ocrx_word' id='word_1_309' title='bbox 1014 3740 1084 3800; x_wconf 88' lang='grc'><strong>746.</strong></span> <span class='ocrx_word' id='word_1_310' title='bbox 1125 3729 1318 3816; x_wconf 82' lang='grc' dir='ltr'><strong><em>στρεπτός</em></strong></span> 
     </span>
    </p>
   </div>
   <div class='ocr_carea' id='block_1_3' title="bbox 139 3883 1317 4126">
    <p class='ocr_par' dir='ltr' id='par_1_3' title="bbox 139 3883 1317 4126">
     <span class='ocr_line' id='line_1_33' title="bbox 205 3883 1315 3955; baseline -0.002 -15"><span class='ocrx_word' id='word_1_311' title='bbox 205 3887 229 3928; x_wconf 81' lang='lat'>91</span> <span class='ocrx_word' id='word_1_312' title='bbox 247 3884 386 3940; x_wconf 80' lang='lat' dir='ltr'>Asterisco</span> <span class='ocrx_word' id='word_1_313' title='bbox 397 3883 494 3940; x_wconf 85' lang='lat' dir='ltr'>notavi</span> <span class='ocrx_word' id='word_1_314' title='bbox 512 3902 584 3954; x_wconf 83' lang='lat' dir='ltr'>quae</span> <span class='ocrx_word' id='word_1_315' title='bbox 602 3884 710 3955; x_wconf 88' lang='lat' dir='ltr'>aliquid</span> <span class='ocrx_word' id='word_1_316' title='bbox 727 3883 838 3954; x_wconf 82' lang='lat' dir='ltr'>insigne</span> <span class='ocrx_word' id='word_1_317' title='bbox 855 3883 1009 3940; x_wconf 82' lang='lat' dir='ltr'>habentia</span> <span class='ocrx_word' id='word_1_318' title='bbox 1028 3885 1179 3954; x_wconf 87' lang='lat' dir='ltr'>utramque</span> <span class='ocrx_word' id='word_1_319' title='bbox 1198 3885 1315 3954; x_wconf 84' lang='lat' dir='ltr'>partem.</span> 
     </span>
     <span class='ocr_line' id='line_1_34' title="bbox 207 3968 1317 4027; baseline 0.001 -4"><span class='ocrx_word' id='word_1_320' title='bbox 207 3972 232 4012; x_wconf 77' lang='lat'>92</span> <span class='ocrx_word' id='word_1_321' title='bbox 250 3969 380 4024; x_wconf 88' lang='lat' dir='ltr'>Vidimus</span> <span class='ocrx_word' id='word_1_322' title='bbox 397 3972 525 4025; x_wconf 80' lang='lat' dir='ltr'>tuentem</span> <span class='ocrx_word' id='word_1_323' title='bbox 545 3969 741 4024; x_wconf 87' lang='lat' dir='ltr'>Miinscherum</span> <span class='ocrx_word' id='word_1_324' title='bbox 758 3969 904 4024; x_wconf 81' lang='lat' dir='ltr'>Schulzeit.</span> <span class='ocrx_word' id='word_1_325' title='bbox 935 3973 1000 4025; x_wconf 89' lang='grc'><strong>1829</strong></span> <span class='ocrx_word' id='word_1_326' title='bbox 1017 3969 1068 4027; x_wconf 88' lang='grc' dir='ltr'>Νο.</span> <span class='ocrx_word' id='word_1_327' title='bbox 1088 3976 1127 4024; x_wconf 89' lang='grc'><strong>79.</strong></span> <span class='ocrx_word' id='word_1_328' title='bbox 1163 3969 1217 4024; x_wconf 85' lang='lat' dir='ltr'>Sed</span> <span class='ocrx_word' id='word_1_329' title='bbox 1235 3968 1317 4024; x_wconf 81' lang='lat' dir='ltr'>nimis</span> 
     </span>
     <span class='ocr_line' id='line_1_35' title="bbox 139 4053 1317 4126; baseline 0.001 -18"><span class='ocrx_word' id='word_1_330' title='bbox 139 4055 265 4126; x_wconf 89' lang='lat' dir='ltr'>profecto</span> <span class='ocrx_word' id='word_1_331' title='bbox 291 4053 423 4109; x_wconf 87' lang='lat' dir='ltr'>ridiculus</span> <span class='ocrx_word' id='word_1_332' title='bbox 443 4053 555 4120; x_wconf 87' lang='lat' dir='ltr'>Nestor,</span> <span class='ocrx_word' id='word_1_333' title='bbox 583 4054 606 4108; x_wconf 89' lang='lat' dir='ltr'>si</span> <span class='ocrx_word' id='word_1_334' title='bbox 628 4054 709 4124; x_wconf 89' lang='lat' dir='ltr'>quid</span> <span class='ocrx_word' id='word_1_335' title='bbox 736 4054 815 4110; x_wconf 89' lang='lat' dir='ltr'>novi</span> <span class='ocrx_word' id='word_1_336' title='bbox 841 4054 1027 4126; x_wconf 79' lang='lat' dir='ltr'>suspicans</span> <span class='ocrx_word' id='word_1_337' title='bbox 1052 4054 1317 4121; x_wconf 75' lang='lat' dir='ltr'>tabernaculum</span> 
     </span>
    </p>
   </div>
   <div class='ocr_carea' id='block_1_4' title="bbox 32 4139 1317 4210">
    <p class='ocr_par' dir='ltr' id='par_1_4' title="bbox 32 4139 1317 4210">
     <span class='ocr_line' id='line_1_36' title="bbox 32 4139 1317 4210; baseline 0.002 -17"><span class='ocrx_word' id='word_1_338' title='bbox 32 4180 35 4185; x_wconf 84' lang='lat'><strong>.</strong></span> <span class='ocrx_word' id='word_1_339' title='bbox 140 4140 333 4194; x_wconf 87' lang='lat' dir='ltr'>intrantem</span> <span class='ocrx_word' id='word_1_340' title='bbox 349 4141 448 4194; x_wconf 82' lang='lat' dir='ltr'>tanta</span> <span class='ocrx_word' id='word_1_341' title='bbox 467 4157 538 4194; x_wconf 90' lang='lat' dir='ltr'>cum</span> <span class='ocrx_word' id='word_1_342' title='bbox 560 4141 736 4210; x_wconf 85' lang='lat' dir='ltr'>gravitate</span> <span class='ocrx_word' id='word_1_343' title='bbox 763 4139 960 4210; x_wconf 86' lang='lat' dir='ltr'>interrogaret,</span> <span class='ocrx_word' id='word_1_344' title='bbox 987 4139 1088 4209; x_wconf 88' lang='lat' dir='ltr'>ecquid</span> <span class='ocrx_word' id='word_1_345' title='bbox 1105 4141 1212 4194; x_wconf 91' lang='lat' dir='ltr'>mulum</span> <span class='ocrx_word' id='word_1_346' title='bbox 1232 4157 1317 4210; x_wconf 86' lang='lat' dir='ltr'>quae-</span> 
     </span>
    </p>
   </div>
   <div class='ocr_carea' id='block_1_5' title="bbox 139 4222 1315 4296">
    <p class='ocr_par' dir='ltr' id='par_1_5' title="bbox 139 4222 1315 4296">
     <span class='ocr_line' id='line_1_37' title="bbox 139 4222 1315 4296; baseline 0 -17"><span class='ocrx_word' id='word_1_347' title='bbox 139 4227 215 4279; x_wconf 88' lang='lat' dir='ltr'>reret</span> <span class='ocrx_word' id='word_1_348' title='bbox 233 4223 351 4279; x_wconf 85' lang='lat' dir='ltr'>stabulis</span> <span class='ocrx_word' id='word_1_349' title='bbox 369 4241 516 4293; x_wconf 84' lang='lat' dir='ltr'>egressum.</span> <span class='ocrx_word' id='word_1_350' title='bbox 553 4222 611 4278; x_wconf 90' lang='lat' dir='ltr'>Nec</span> <span class='ocrx_word' id='word_1_351' title='bbox 633 4225 721 4279; x_wconf 92' lang='lat' dir='ltr'>multo</span> <span class='ocrx_word' id='word_1_352' title='bbox 740 4224 832 4295; x_wconf 86' lang='lat' dir='ltr'>aptior</span> <span class='ocrx_word' id='word_1_353' title='bbox 849 4226 919 4281; x_wconf 84' lang='lat' dir='ltr'>haec</span> <span class='ocrx_word' id='word_1_354' title='bbox 937 4225 1105 4296; x_wconf 88' lang='lat' dir='ltr'>ponderanti</span> <span class='ocrx_word' id='word_1_355' title='bbox 1123 4225 1213 4280; x_wconf 86' lang='lat' dir='ltr'>videri</span> <span class='ocrx_word' id='word_1_356' title='bbox 1231 4225 1315 4280; x_wconf 88' lang='lat' dir='ltr'>debet</span> 
     </span>
    </p>
   </div>
   <div class='ocr_carea' id='block_1_6' title="bbox 141 4307 1315 4453">
    <p class='ocr_par' dir='ltr' id='par_1_6' title="bbox 141 4307 1315 4453">
     <span class='ocr_line' id='line_1_38' title="bbox 142 4307 1315 4390; baseline -0.002 -26"><span class='ocrx_word' id='word_1_357' title='bbox 142 4309 325 4380; x_wconf 82' lang='lat' dir='ltr'>interrogatio</span> <span class='ocrx_word' id='word_1_358' title='bbox 348 4310 501 4378; x_wconf 89' lang='lat' dir='ltr'>quaeratne</span> <span class='ocrx_word' id='word_1_359' title='bbox 526 4307 649 4390; x_wconf 86' lang='lat' dir='ltr'>aliquem</span> <span class='ocrx_word' id='word_1_360' title='bbox 676 4310 821 4366; x_wconf 84' lang='lat' dir='ltr'>custodum</span> <span class='ocrx_word' id='word_1_361' title='bbox 845 4311 1023 4367; x_wconf 84' lang='lat' dir='ltr'>sociorumve.</span> <span class='ocrx_word' id='word_1_362' title='bbox 1062 4309 1178 4365; x_wconf 88' lang='lat' dir='ltr'>Uncinis</span> <span class='ocrx_word' id='word_1_363' title='bbox 1202 4308 1315 4365; x_wconf 88' lang='lat' dir='ltr'>inclusit</span> 
     </span>
     <span class='ocr_line' id='line_1_39' title="bbox 141 4393 541 4453; baseline -0.005 -4"><span class='ocrx_word' id='word_1_364' title='bbox 141 4393 267 4449; x_wconf 88' lang='lat' dir='ltr'>Wolfius.</span> <span class='ocrx_word' id='word_1_365' title='bbox 297 4396 370 4453; x_wconf 82' lang='lat' dir='ltr'>Item</span> <span class='ocrx_word' id='word_1_366' title='bbox 389 4394 541 4450; x_wconf 86' lang='lat' dir='ltr'>Bekkerus.</span> 
     </span>
    </p>
   </div>
   <div class='ocr_carea' id='block_1_7' title="bbox 0 0 1528 4980">
    <p class='ocr_par' dir='ltr' id='par_1_7' title="bbox 0 0 1528 4980">
     <span class='ocr_line' id='line_1_40' title="bbox 0 0 1528 4980; baseline 0 1"><span class='ocrx_word' id='word_1_367' title='bbox 0 0 1528 4980; x_wconf 95' lang='lat' dir='ltr'> </span> 
     </span>
    </p>
   </div>
  </div>
 </body>
</html>
