3008 4980
542 344 564 394 2.
587 339 629 395 De
646 337 897 410 iuteraspiratione.

460 504 497 572 τὸ
519 509 720 590 χρυσοῦν-
742 499 888 589 ὀρνίθων
910 499 1013 588 γένος,

214 612 293 693 τοὺς
313 608 564 702 καλλιμόρφους
584 611 641 679 καὶ
662 610 905 698 περιβλέπτους
925 599 1020 687 ταῶς

128 852 228 920 baque
244 868 302 907 non
320 867 385 905 casu
402 850 527 919 fortuito,
549 852 598 906 sed
616 851 739 919 quadam
755 850 783 904 vi
801 848 910 904 ratione
927 850 1044 903 naturae
1061 846 1137 900 facta
1154 845 1192 914 (h.
1206 861 1229 900 e.
1246 860 1304 899 non

127 936 218 992 θέσει
235 936 284 990 sed
301 927 398 1006 φύσει)
417 936 446 989 P.
465 935 593 1005 Nigidius
610 935 641 989 in
663 933 852 1005 grammaticis
874 929 1080 989 commentariis
1103 928 1209 991 docuit,
1232 929 1303 982 teste

131 1020 224 1076 Gellio
247 1021 273 1074 X
295 1025 322 1074 l:
353 1019 401 1074 ille
424 1020 537 1089 quidem
558 1020 617 1076 sine
641 1019 727 1075 dubio
754 1035 811 1074 non
832 1017 923 1072 miuus
949 1014 1131 1085 Pythagoreis
1152 1012 1207 1067 suis
1229 1011 1304 1065 idenr

129 1105 296 1160 tenentibus
308 1104 433 1159 confisus.
456 1104 552 1160 Refert
564 1104 669 1160 Gellius
681 1122 715 1159 ex
728 1121 760 1160 eo
771 1103 842 1158 illud
855 1102 995 1173 „lepidum
1008 1102 1037 1155 et
1048 1097 1180 1154 festivum
1191 1097 1304 1159 visumr,

132 1207 183 1244 cur
199 1192 279 1244 motu
297 1190 420 1257 quodam
437 1189 491 1243 oris
509 1190 692 1244 conveniente
715 1207 779 1244 cum
796 1187 882 1258 ipsius
899 1185 978 1241 verbi
996 1183 1231 1239 demonstratione
1249 1181 1305 1236 Vos

132 1273 259 1329 dicamus
271 1291 322 1345 per
333 1274 366 1338 V,
385 1279 483 1330 contra
494 1274 550 1330 Nos
561 1292 612 1347 per
623 1274 660 1330 N.
688 1273 725 1330 Et
740 1275 810 1329 item
826 1273 883 1328 alia
899 1270 1073 1342 pronomina.
1102 1267 1178 1334 Quae
1189 1285 1207 1322 a
1219 1267 1306 1335 Chry·

132 1359 215 1430 sippo
234 1376 298 1414 eum
314 1361 474 1414 mutuatum
491 1377 549 1416 esse
566 1359 705 1415 simillime
724 1361 758 1414 de
778 1351 837 1428 έγιύ
855 1357 1047 1428 disputantem
1065 1354 1141 1425 apud
1155 1353 1251 1408 Galen.
1271 1353 1305 1405 de

133 1442 243 1497 Platon.
262 1445 291 1498 et
310 1443 444 1513 Hippoor.
463 1443 554 1514 dogm.
574 1445 600 1498 Π
621 1450 644 1510 2,
662 1443 772 1499 monuit
783 1441 947 1512 Rudolphus
960 1438 1129 1496 Schmidtius
1145 1438 1176 1492 in
1194 1437 1305 1506 egregio

133 1527 241 1594 libello,
268 1527 298 1580 iu
320 1545 376 1596 quo
398 1529 432 1583 de
454 1528 497 1582 his
519 1546 631 1598 quoque
653 1529 809 1584 Stoicorum
836 1525 990 1582 rationibus
1013 1523 1103 1580 multa
1124 1522 1235 1592 egregie
1256 1538 1306 1574 uos

134 1612 243 1676 edocet,
261 1612 296 1665 de
313 1611 467 1667 Stoicorum
484 1613 668 1682 grammatica
684 1632 713 1685 p.
731 1618 772 1668 34.
797 1643 831 1654 -
853 1612 948 1667 Ioauu.
966 1609 1042 1665 Diae.
1062 1608 1184 1676 Allegor,
1202 1605 1306 1674 Theog.

134 1694 198 1754 Hes.
219 1714 248 1767 p.
272 1701 321 1752 549
340 1696 396 1752 (λεί.
419 1691 529 1762 πολλάς
549 1701 566 1753 δ
573 1690 580 1713 '
604 1693 721 1770 εὑρήσει
742 1716 787 1762 τις
809 1688 1037 1766 συμπασχούσας
1060 1691 1156 1757 λέξεις
1176 1699 1240 1756 τοῖς
1260 1687 1307 1745 ὑπ’

135 1776 232 1836 αὐτῶν
255 1778 480 1851 σημαινομένοις
500 1782 550 1837 καὶ
571 1781 753 1851 μιμουμένας
775 1781 855 1837 αὐτά.
889 1782 940 1837 καί
961 1768 1073 1849 μάρτυς
1093 1777 1254 1846 τοῦλόγου
1274 1774 1308 1830 τὸ

137 1859 220 1932 λιμός
241 1858 336 1933 ὄνομα
354 1911 360 1923 .
381 1908 387 1919 .
407 1907 413 1922 .
432 1867 483 1921 καί
502 1860 539 1922 τό
562 1863 626 1923 ἰδέα
649 1859 743 1936 ὄνομα
759 1867 810 1922 καὶ
831 1859 866 1922 τό
884 1857 963 1928 εἰδος
978 1865 1169 1934 μαρτυροῦσι.
1198 1855 1233 1916 τό
1251 1853 1308 1930 γάρ

137 1943 201 2004 ἰδέα
218 1943 267 2003 διά
283 1953 336 2005 τοῦ
351 1970 362 2005 ι
378 1943 532 2022 γράφεται,
549 1953 601 2020 την
618 1955 678 2006 τῶν
695 1951 783 2006 ἰδεῶν
800 1949 924 2006 ἐκείνων
940 1947 1143 2018 ύποσημαῖνον
1161 1937 1310 2012 ἁπλότητα

125 2034 197 2087 τῶν
207 2032 407 2090 Πλατωνικῶν
423 2077 430 2092 .
443 2076 449 2090 .
462 2077 469 2092 .
487 2034 591 2105 Tangit
604 2034 722 2090 eandem
733 2053 792 2092 rem
805 2052 832 2105 p.
845 2039 903 2098 567,
921 2033 956 2088 de
967 2035 1089 2103 χίμαιρα
1107 2033 1135 2087 et
1151 2024 1312 2100 χείμαρρος

137 2133 287 2187 exponens.
310 2118 460 2176 Praeterea
471 2121 556 2192 (549):
577 2113 638 2176 ἀλλ’
649 2116 723 2193 ὅπερ
737 2120 886 2193 ἐλέγομεν,
903 2130 954 2190 τῆς
972 2113 1019 2174 ἐπ’
1030 2112 1138 2185 ἄπειρα
1155 2119 1215 2170 τῶν
1232 2106 1312 2183 dure

136 2205 202 2270 μῶν
217 2195 349 2271 προόδου
367 2203 453 2274 ἤτοῦ
470 2194 638 2273 πνεύματός
655 2201 718 2261 έστι
736 2198 862 2275 δασύτης
873 2204 1026 2274 δηλατικη.
1055 2201 1144 2256 Docet
1156 2216 1205 2253 cur
1216 2213 1311 2252 omnes

137 2285 255 2350 numeri,
273 2303 390 2356 quorum
409 2288 570 2360 principalis
586 2289 669 2346 litera
688 2293 730 2346 est
748 2309 769 2356 ε,
789 2288 948 2361 aspireutur
960 2289 1077 2356 excepto
1096 2281 1188 2340 έννέα.
1218 2283 1312 2352 δομὴν

137 2368 193 2441 γάρ
211 2371 321 2428 ῶσανεί
338 2376 465 2445 φυσικὴν
481 2368 542 2444 ἔχει
558 2369 595 2431 τὸ
613 2368 645 2431 έν
663 2368 705 2439 εἰς
722 2368 890 2442 σκεδασμόν
907 2390 941 2428 τε
958 2373 1008 2427 καὶ
1025 2362 1207 2438 πληδυσμόν,
1226 2357 1260 2436 liv
1276 2366 1311 2434 or)

138 2451 233 2526 ῥοπὴν
249 2450 461 2526 ὑποσημαίνειν
479 2453 577 2516 έδέλει
594 2463 647 2515 τοῦ
664 2454 832 2526 πνεύματος
848 2459 865 2528 η
884 2446 1016 2527 δασύτης.
1047 2454 1088 2510 Of.
1108 2454 1143 2509 de
1164 2445 1196 2517 ἕξ
1213 2468 1240 2520 P·
1254 2454 1312 2506 55¹·

137 2538 178 2595 De
197 2537 282 2596 ἐννέα
299 2559 327 2612 p.
346 2547 395 2598 548
417 2545 446 2599 et
464 2547 511 2599 551
535 2543 598 2598 infr.
623 2541 726 2611 ,ἐννέα
750 2541 783 2600 δὲ
802 2537 916 2613 εἴρηται
938 2532 997 2598 άπό
1015 2544 1069 2597 τοῦ
1085 2532 1121 2595 τό
1138 2533 1263 2607 ἐκχυθὲν
1279 2529 1313 2589 έν

138 2625 188 2679 καί
205 2620 254 2680 διά
269 2629 330 2681 τῶν
349 2621 446 2684 ἄλλων
462 2622 614 2697 προελθὸν
629 2629 746 2698 μέλλειν
763 2623 796 2683 έν
813 2630 849 2697 τῇ
866 2619 974 2692 δεκάδι,
993 2620 1223 2694 δεντερευομένφ
1241 2613 1313 2688 ούση

137 2702 256 2777 μονάδι,
278 2703 365 2766 πάλιν
386 2707 528 2768 ένοῦσδαι
550 2714 601 2768 καί
622 2707 699 2782 πρός
721 2706 810 2768 έαυτό
833 2708 1016 2782 στρέφεσθαι
1038 2709 1089 2764 καί
1107 2699 1312 2773 άνακάμπτειν.

138 2789 213 2849 ὅθεν
233 2796 284 2851 καί
304 2798 456 2865 φιλοῦταί,
481 2800 534 2866 τὴν
559 2791 701 2867 συστολὴν
722 2788 774 2866 τὴν
795 2788 870 2866 πρός
891 2789 981 2850 ἑαυτό
1004 2797 1058 2849 τοῦ
1078 2784 1243 2858 πνεύματος
1260 2792 1314 2844 τοῦ

138 2881 229 2950 ψιλοῦ
245 2876 466 2949 έμφαίνοντος.“
500 2880 612 2936 Scilicet
635 2885 685 2936 aut
706 2881 752 2935 hic
770 2881 963 2949 Pythagoreus
981 2879 1023 2934 est
1040 2881 1091 2933 aut
1106 2892 1200 2932 nemo:
1227 2878 1257 2929 τί
1275 2869 1311 2930 τύ
1328 2880 1376 2931 328

140 2955 332 3035 σοφάτατονς
349 2957 486 3036 ἀριθμός,
518 2964 658 3038 δεύτερον
669 2966 702 3021 δέ
707 2987 717 3030 ,·
735 2959 770 3020 τό
788 2973 851 3028 τοῖς
867 2956 1021 3035 πράγμασι
1033 2957 1070 3018 τά
1086 2955 1218 3030 ὀνόματα
1235 2961 1313 3016 τιδέ-

139 3064 231 3117 μενον
247 3047 355 3119 (Iambl.
374 3048 425 3106 vit.
441 3049 523 3120 Pyth.
542 3051 595 3122 82).
612 3080 647 3091 -·-
664 3049 807 3104 Addamus
823 3049 878 3104 hoc
895 3065 929 3103 ex
946 3045 1053 3103 recenti
1070 3045 1174 3101 scholio
1191 3046 1257 3118 (BL)
1276 3047 1313 3100 ad

144 3133 240 3189 0626:
259 3133 308 3188 ubi
321 3151 408 3203 quum
426 3129 523 3199 δεινός
539 3129 627 3205 άὴτης
643 3133 692 3189 alii
708 3133 869 3200 scriberent,
887 3150 952 3204 pars
971 3127 1067 3196 δεινός
1084 3124 1162 3201 άὴτη,
1180 3132 1313 3201 magister
1325 3129 1395 3200 (343)

141 3216 332 3287 argutissimus
353 3218 455 3273 habuit
477 3218 616 3288 quomodo
638 3219 717 3274 litem
741 3218 895 3276 dirimeret:
918 3216 1014 3283 ,τινές
1035 3220 1135 3281 κακῶς
1156 3219 1315 3286 νοήσαντες

140 3305 276 3373 θηλυκῶς
293 3299 481 3375 ἐκφέρουσιν·
505 3300 597 3374 ηγάρ
621 3305 761 3375 ἀρσενικη
781 3299 896 3376 ἐκφορά
919 3295 1179 3374 ἐμφαντικώτερον
1198 3295 1251 3356 τὸν
1268 3294 1315 3357 λό-

141 3405 197 3458 γον
215 3379 410 3458 άπεργάζεται
431 3381 574 3443 καὶτὸν
596 3379 730 3458 άνεμον
757 3379 1003 3460 σφοδρότερον
1024 3387 1227 3442 δείκνυσιν.“
1261 3384 1314 3440 Hic

141 3471 250 3527 seilicet
261 3471 421 3542 sapientior,
440 3488 525 3540 quam
536 3475 644 3528 veteres
655 3474 769 3544 linguae
787 3472 952 3536 conditores,
970 3489 1088 3542 quorum
1106 3471 1247 3537 mentibus
1263 3488 1315 3526 uec

142 3552 263 3613 θύελλαι
281 3573 333 3613 uec
354 3551 467 3622 ἄελλαι,
490 3557 580 3613 ventis
601 3557 734 3614 videlicet
757 3556 921 3628 rapidiores,
944 3557 1050 3612 absona
1071 3556 1249 3611 videbantur.
1283 3557 1316 3610 In

142 3639 198 3696 illis
215 3643 300 3696 autea
317 3639 409 3696 allatis
426 3641 545 3698 maxime
560 3641 688 3697 mirabile
705 3642 797 3698 visum
814 3643 838 3696 si
855 3641 892 3696 ad
909 3641 984 3697 vocis
1001 3643 1132 3698 naturam
1147 3641 1315 3697 imitandam

143 3740 201 3781 non
218 3741 285 3780 sono
302 3724 426 3793 litterae,
444 3727 494 3783 sed
510 3728 601 3783 forma
618 3728 661 3797 (ut
677 3726 791 3782 Vallum
808 3726 950 3798 Varronis)
972 3744 1035 3782 usos
1052 3727 1208 3782 voluerunt.
1242 3724 1315 3793 Quid

144 3811 221 3880 quod
244 3809 329 3866 etiam
351 3811 442 3867 forma
463 3813 614 3867 accentus?
642 3812 848 3869 Choeroboscus
871 3812 908 3866 ad
926 3811 1060 3866 Theodos.
1080 3830 1107 3882 p.
1125 3817 1174 3868 429
1193 3811 1249 3867 (λεί.
1266 3830 1316 3866 an-

144 3899 226 3953 notat
242 3895 297 3951 tria
317 3912 376 3952 esse
392 3896 423 3952 in
446 3895 631 3953 vaeneuntia
649 3913 701 3952 nec
719 3896 908 3965 circumflexo,
930 3895 979 3953 sed
1002 3898 1085 3952 acuto
1106 3896 1224 3966 signata,
1244 3891 1316 3960 ἰδού,

145 3974 201 4049 ἰού,
219 3975 261 4036 ού.
285 3981 335 4036 καί
353 3974 453 4051 έχουσι
470 3975 632 4053 διαφόρους
649 3974 818 4052 άπολογίας.
842 3980 961 4052 λέγουσι
973 3970 1029 4052 γάρ
1041 4000 1119 4047 τινες
1135 3977 1182 4037 ότι
1199 3975 1234 4038 τό
1252 3975 1317 4037 ἰδού

145 4059 293 4122 δεικτικὸν
304 4059 353 4120 διά
368 4070 456 4122 τοῦτο
471 4057 613 4132 ὀξύνεται,
631 4061 733 4137 ἐπειδὴ
747 4061 929 4131 δεικνύοντες
945 4071 989 4140 τῷ
1005 4058 1137 4142 δακτύλῳ
1155 4061 1208 4123 τὸν
1225 4061 1318 4123 τύπον

145 4160 196 4220 της
214 4140 312 4215 ὀξείας
328 4149 541 4220 ἀποτελοῦμεν·
569 4147 605 4206 τὸ
622 4149 655 4208 δὲ
673 4147 721 4207 ἰού
738 4145 786 4207 διά
802 4155 891 4207 τοῦτο
911 4140 1053 4217 ὀξύνεται,
1070 4146 1172 4223 ἐπειδὴ
1188 4155 1316 4222 σχετλια-

146 4223 249 4290 στικόν
260 4229 349 4301 ἐστιν,
367 4231 396 4290 οἰ
408 4233 440 4291 δὲ
453 4231 672 4305 σχετλιάζοντες
692 4228 772 4312 ὀξείᾳ
789 4234 945 4307 κέχρηνται
962 4240 1058 4306 φωνῇ·
1076 4237 1111 4291 τὸ
1131 4235 1163 4293 δέ
1181 4230 1216 4292 ού
1233 4227 1318 4306 α’ρνη-

146 4315 230 4376 τικόν
248 4313 296 4375 διά
312 4324 402 4376 τοῦτο
422 4312 564 4386 ὀξύνεται,
583 4314 686 4390 ἐπειδὴ
703 4311 852 4392 άρνήσεοές
870 4317 934 4377 έστι
951 4315 1125 4391 δηλωτικόν,
1143 4312 1318 4392 άρνούμενοι
1387 4385 1392 4397 Ι

148 4402 181 4459 δέ
199 4395 379 4473 άνανεύομεν
396 4395 447 4461 καί
464 4397 666 4472 ἀποτελοῦμεν
682 4399 737 4460 τόν
752 4397 846 4461 τύπον
863 4409 913 4474 τῆς
931 4395 1037 4470 ὀξείας.
1054 4437 1088 4446 -
1107 4405 1235 4461 Ceterum
1253 4403 1317 4458 doc-

1058 4493 1110 4546 21*
