3008 4980
266 359 289 410 4.
315 353 356 411 De
373 358 570 429 grammaticis,
588 360 637 430 qui
655 359 822 416 ἐνστατικοί
839 361 868 416 et
886 362 997 417 λυτικοί
1014 359 1082 416 dicti
1099 363 1170 415 sunt.
1241 367 1301 432 213

136 524 262 589 sonibus
288 529 457 609 proposuit
483 533 515 593 et
545 529 727 612 propositas
760 529 828 613 ipse
857 529 1025 595 dissolvit‘.
1068 528 1301 613 Imperatorum

135 653 210 696 vero
243 655 374 698 suorum
401 637 506 701 studia
533 637 610 721 quid
635 637 751 701 mirum
781 640 830 701 est
855 637 967 701 servile
992 637 1160 702 hominum
1187 638 1301 722 vulgus

136 739 313 805 aemulatos
335 746 425 808 esse?
452 742 560 812 Iuven.
583 748 641 810 sat.
664 743 726 809 VII
747 751 820 812 229:

426 849 490 916 Sed
510 875 567 918 vos
590 875 699 917 saevas
721 853 877 937 imponite
898 852 997 937 leges,

258 955 302 1021 Ut
323 959 522 1042 praeceptori
543 961 714 1025 verborum
735 960 847 1046 regula
868 964 1003 1039 constet,

257 1063 302 1129 Ut
322 1065 411 1150 legat
431 1067 590 1146 historias,
611 1072 757 1133 auctores
779 1069 905 1133 noverit
926 1090 1046 1147 omnes,

258 1170 427 1255 Tanquam
447 1197 574 1261 ungues
597 1177 780 1262 digitosque
803 1198 892 1242 suos:
912 1181 950 1241 ut
970 1176 1054 1240 forte
1076 1177 1218 1260 rogatus,

258 1279 344 1343 Dum
365 1282 448 1364 petit
469 1286 525 1347 aut
545 1283 687 1348 thermas
708 1289 765 1348 aut
785 1283 911 1349 Phoebi
931 1283 1056 1359 balnea,
1080 1283 1164 1346 dicat

257 1385 424 1455 Nutricem
444 1390 613 1470 Anchisae,
634 1413 753 1456 nomen
774 1392 974 1475 patriamque
995 1411 1151 1454 novercae
1316 1399 1365 1450 216

258 1495 455 1575 Anchimoli3
478 1499 562 1563 dicat
584 1503 664 1583 quot
685 1497 819 1564 Acestes
839 1499 954 1563 vixerit
975 1519 1085 1575 annoS,

261 1602 348 1681 Quot
369 1602 468 1669 Siculi
487 1605 670 1691 Phrygibus
691 1607 757 1671 vini
779 1607 944 1672 donaverit
965 1627 1069 1671 urnae.

136 1712 195 1794 (of.
216 1710 344 1775 Lucian.
365 1734 460 1777 merc.
484 1714 575 1779 cond.
598 1736 624 1780 c.
650 1717 707 1797 11.)
748 1713 833 1779 Hinc
858 1736 992 1778 acumen
1018 1717 1068 1778 est
1088 1712 1301 1796 epigramma-

135 1820 192 1898 tis,
226 1819 312 1903 quod
344 1819 382 1883 de
409 1819 537 1885 Valerio
570 1821 691 1888 Catone
721 1821 895 1887 Bibaculus
926 1821 1064 1905 scripsit,
1095 1819 1227 1884 Sueton.
1255 1817 1300 1881 ill.

136 1949 269 2011 gramm.
292 1948 317 1990 c.
341 1935 391 1993 11:
499 1958 506 1973 ι

258 2034 389 2100 Catonis
410 2035 515 2114 modo,
539 2035 636 2115 Galle,
658 2036 877 2103 Tusculanum

258 2141 342 2207 Tota
363 2143 501 2208 creditor
522 2146 601 2209 urbe
622 2145 816 2209 venditabat.

258 2250 367 2315 Mirati
388 2272 506 2329 sumus
528 2251 658 2316 unicum
677 2252 878 2336 magistrum,

258 2355 425 2423 Summum
447 2359 700 2441 grammaticum,
722 2358 880 2442 optimum
900 2360 1038 2440 poetam,

262 2463 375 2528 Omnes
394 2466 510 2529 solvere
524 2489 618 2550 posse
640 2468 843 2550 quaestiones,

257 2570 366 2636 Unum
389 2570 517 2636 difficile
540 2573 688 2656 expedire
710 2594 837 2637 nomen.

257 2678 308 2743 En
331 2701 385 2745 cor
406 2677 572 2758 Zenodoti,
594 2702 634 2744 en
655 2681 742 2744 iecur
764 2679 910 2745 Cratetis

135 2787 281 2871 Denique
309 2786 420 2850 eadem
445 2787 570 2852 ratione
593 2785 723 2864 Quintil.
749 2787 823 2851 inst.
852 2808 896 2850 or.
921 2784 936 2850 l
958 2791 989 2864 2,
1019 2793 1056 2850 14
1078 2807 1108 2868 p.
1130 2788 1169 2850 28
1190 2783 1300 2848 Burm.

133 2893 382 2972 „Grammaticus
404 2915 533 2978 quoque
555 2896 593 2960 de
615 2894 769 2978 loquendi
790 2894 914 2958 ratione
937 2894 1085 2974 disserat,
1108 2892 1302 2976 quaestiones

134 3001 278 3085 explebor,
306 3000 457 3065 historias
486 3005 637 3086 exponat,
665 3005 815 3084 poemata
843 3003 994 3065 enarret“.
1043 2999 1131 3065 Haec
1157 2997 1300 3081 undique

134 3112 294 3173 resonant.
330 3107 453 3173 Laudes
469 3109 531 3174 sibi
552 3109 720 3174 videbatur
741 3108 924 3192 praedicare
946 3108 1055 3172 nescio
1078 3106 1149 3190 quis
1170 3106 1300 3188 ineptus

135 3215 361 3300 grammaticus
390 3217 428 3280 de
450 3215 577 3302 Satyro,
607 3238 680 3281 cum
706 3216 859 3280 scriberet
888 3217 950 3299 (ap.
972 3214 1066 3280 Phot.
1087 3236 1119 3297 p.
1144 3211 1225 3281 151b
1247 3218 1299 3298 21)

134 3316 279 3408 Σάτυρος
300 3316 318 3387 ὃ
339 3315 552 3409 Ἀριστάρχου
580 3317 745 3407 γνώριμος
766 3325 860 3408 Ζιῆτα
886 3317 1035 3386 ἐκαλεῖτο
1065 3317 1122 3384 διὰ
1143 3317 1182 3386 τὸ
1206 3317 1300 3406 ζητη-

134 3427 226 3495 τικὸν
252 3423 366 3507 αὐτοῦ,
397 3435 430 3496 et
457 3433 495 3496 de
516 3430 690 3516 Apollonio
710 3430 852 3515 Dyscolo
881 3434 993 3495 auctor
1021 3429 1105 3493 vitae
1134 3429 1216 3509 eins,
1246 3429 1301 3512 qui

134 3539 196 3604 hoc
216 3561 396 3625 cognomen
419 3538 721 3604 excellentissimum
748 3539 993 3623 grammaticum
1014 3540 1194 3621 reportasse
1217 3535 1302 3614 dicit,

136 3642 188 3710 ὅτι
209 3642 243 3710 ἐν
263 3648 336 3722 ταῖς
356 3640 552 3728 γυμνασίαις
570 3641 747 3722 δυσλύτους
769 3637 914 3728 ἀπορίας
934 3638 1055 3728 ἔλεγεν·
1076 3637 1159 3720 ἔθος
1180 3639 1239 3726 γὰρ
1261 3631 1302 3728 ἦν

134 3754 203 3829 τοῖς
224 3745 375 3837 ἀρχαίοις
391 3755 512 3842 σοφοῖς
533 3746 580 3829 εἷς
601 3749 659 3816 ἕνα
679 3747 785 3816 τόπον
805 3747 1023 3834 συνέρχεσθαι
1044 3747 1102 3815 καὶ
1122 3743 1302 3835 γυμνασίας
1313 3759 1384 3829 (221)

133 3855 228 3946 χάριν
263 3853 518 3943 αἰνιγματώδεις
547 3858 641 3937 τινὰς
672 3858 729 3924 καὶ
764 3851 906 3948 ἀσαφεῖς
935 3854 1041 3938 λέξεις
1074 3854 1300 3946 φθέγγεσθαι,

136 3991 341 4052 quemquam,
368 3970 395 4033 si
421 3970 553 4034 omnino
580 3968 720 4034 nominis
746 3968 828 4032 ratio
857 3989 876 4031 a
897 3966 1011 4032 studiis
1031 3966 1205 4049 repetenda
1227 3969 1302 4045 erat,

134 4075 251 4140 rectius
274 4076 419 4152 dixisset,
447 4075 572 4140 venisse
599 4076 628 4140 ei
654 4076 717 4140 hoc
743 4096 938 4160 cognomen,
969 4073 1056 4158 quod
1076 4073 1174 4138 homo
1197 4072 1302 4156 gravis

135 4204 172 4248 ac
192 4183 293 4248 tristis
315 4183 356 4247 ad
376 4184 464 4247 iocos
485 4182 640 4266 lususque
661 4182 842 4248 litterarum
864 4204 937 4247 cum
959 4181 1091 4247 cohorte
1114 4179 1301 4265 grammati·

135 4311 245 4355 corum
267 4290 456 4354 descendere
477 4289 633 4354 fastidivit
654 4290 699 4375 (v.
721 4293 843 4373 quaest.
866 4312 914 4374 ep.
935 4312 965 4374 p.
992 4295 1027 4356 19
1051 4287 1150 4372 sqq).

216 4396 277 4462 His
290 4396 463 4481 postulatis
478 4396 505 4462 si
523 4397 716 4482 respondere
730 4397 882 4463 volebant
904 4395 1113 4482 grammatici,
1136 4394 1163 4458 si
1184 4413 1303 4477 magna
