<?xml version="1.0" encoding="UTF-8"?>
<!DOCTYPE html PUBLIC "-//W3C//DTD XHTML 1.0 Transitional//EN"
    "http://www.w3.org/TR/xhtml1/DTD/xhtml1-transitional.dtd">
<html xmlns="http://www.w3.org/1999/xhtml" xml:lang="en" lang="en">
 <head>
  <title>
</title>
<meta http-equiv="Content-Type" content="text/html;charset=utf-8" />
  <meta name='ocr-system' content='tesseract 3.04.00' />
  <meta name='ocr-capabilities' content='ocr_page ocr_carea ocr_par ocr_line ocrx_word'/>
</head>
<body>
  <div class='ocr_page' id='page_1' title='image "./dearistarchistu01lehrgoog/dearistarchistu01lehrgoog_0302.png"; bbox 0 0 3008 4980; ppageno 0'>
   <div class='ocr_carea' id='block_1_1' title="bbox 598 300 1417 396">
    <p class='ocr_par' dir='ltr' id='par_1_1' title="bbox 598 300 1417 396">
     <span class='ocr_line' id='line_1_1' title="bbox 598 300 1417 396; baseline 0.017 -14"><span class='ocrx_word' id='word_1_1' title='bbox 598 332 620 382; x_wconf 89' lang='lat'>1.</span> <span class='ocrx_word' id='word_1_2' title='bbox 643 326 685 382; x_wconf 89' lang='lat' dir='ltr'>De</span> <span class='ocrx_word' id='word_1_3' title='bbox 702 327 870 383; x_wconf 75' lang='lat' dir='ltr'><strong>accentibus.</strong></span> <span class='ocrx_word' id='word_1_4' title='bbox 1251 333 1311 396; x_wconf 80' lang='lat'>287</span> <span class='ocrx_word' id='word_1_5' title='bbox 1411 300 1417 307; x_wconf 31' lang='lat'>¹</span> 
     </span>
    </p>
   </div>
   <div class='ocr_carea' id='block_1_2' title="bbox 132 485 1400 4123">
    <p class='ocr_par' dir='ltr' id='par_1_2' title="bbox 142 485 1378 1116">
     <span class='ocr_line' id='line_1_2' title="bbox 148 485 1374 580; baseline -0.003 -19"><span class='ocrx_word' id='word_1_6' title='bbox 148 497 199 562; x_wconf 85' lang='lat' dir='ltr'>Al.</span> <span class='ocrx_word' id='word_1_7' title='bbox 214 502 263 563; x_wconf 91' lang='grc'>22.</span> <span class='ocrx_word' id='word_1_8' title='bbox 286 493 401 559; x_wconf 85' lang='lat' dir='ltr'>Aesch.</span> <span class='ocrx_word' id='word_1_9' title='bbox 416 485 597 576; x_wconf 80' lang='grc' dir='ltr'><strong><em>(ιριοβύλος</em></strong></span> <span class='ocrx_word' id='word_1_10' title='bbox 611 495 673 561; x_wconf 82' lang='lat' dir='ltr'>vid.</span> <span class='ocrx_word' id='word_1_11' title='bbox 691 494 753 580; x_wconf 82' lang='lat' dir='ltr'>leg.</span> <span class='ocrx_word' id='word_1_12' title='bbox 770 515 829 578; x_wconf 88' lang='lat' dir='ltr'>pro</span> <span class='ocrx_word' id='word_1_13' title='bbox 844 485 1132 578; x_wconf 76' lang='grc' dir='ltr'><strong><em>κροκύλοςΑεοοό.</em></strong></span> <span class='ocrx_word' id='word_1_14' title='bbox 1147 515 1178 575; x_wconf 90' lang='lat' dir='ltr'>p.</span> <span class='ocrx_word' id='word_1_15' title='bbox 1195 498 1242 570; x_wconf 89' lang='grc'>56,</span> <span class='ocrx_word' id='word_1_16' title='bbox 1261 500 1310 558; x_wconf 87' lang='grc'>11;</span> <span class='ocrx_word' id='word_1_17' title='bbox 1328 496 1374 548; x_wconf 82' lang='lat'>²91</span> 
     </span>
     <span class='ocr_line' id='line_1_3' title="bbox 149 594 1311 687; baseline 0 -21"><span class='ocrx_word' id='word_1_18' title='bbox 149 625 213 687; x_wconf 92' lang='lat' dir='ltr'>quo</span> <span class='ocrx_word' id='word_1_19' title='bbox 241 603 313 666; x_wconf 92' lang='lat' dir='ltr'>loco</span> <span class='ocrx_word' id='word_1_20' title='bbox 340 601 435 665; x_wconf 89' lang='lat' dir='ltr'>simul</span> <span class='ocrx_word' id='word_1_21' title='bbox 461 623 568 684; x_wconf 91' lang='lat' dir='ltr'>propr.</span> <span class='ocrx_word' id='word_1_22' title='bbox 590 594 772 682; x_wconf 83' lang='grc' dir='ltr'><strong><em>Κρωβύλος</em></strong></span> <span class='ocrx_word' id='word_1_23' title='bbox 798 599 977 665; x_wconf 87' lang='lat' dir='ltr'>confirmari</span> <span class='ocrx_word' id='word_1_24' title='bbox 998 600 1136 677; x_wconf 89' lang='lat' dir='ltr'>videtur;</span> <span class='ocrx_word' id='word_1_25' title='bbox 1165 598 1203 663; x_wconf 88' lang='lat' dir='ltr'>cf.</span> <span class='ocrx_word' id='word_1_26' title='bbox 1223 597 1311 666; x_wconf 86' lang='lat' dir='ltr'>Suid.</span> 
     </span>
     <span class='ocr_line' id='line_1_4' title="bbox 147 697 1378 800; baseline -0.001 -26"><span class='ocrx_word' id='word_1_27' title='bbox 147 707 327 793; x_wconf 75' lang='grc' dir='ltr'><strong><em>Κρωβύλος</em></strong></span> <span class='ocrx_word' id='word_1_28' title='bbox 340 705 451 790; x_wconf 85' lang='grc' dir='ltr'><strong><em>κύριον</em></strong></span> <span class='ocrx_word' id='word_1_29' title='bbox 462 705 517 771; x_wconf 84' lang='grc' dir='ltr'>καὶ</span> <span class='ocrx_word' id='word_1_30' title='bbox 530 697 618 784; x_wconf 80' lang='grc' dir='ltr'><strong><em>εἶδος</em></strong></span> <span class='ocrx_word' id='word_1_31' title='bbox 626 697 820 794; x_wconf 71' lang='grc' dir='ltr'>ἐμπλοκῆς).</span> <span class='ocrx_word' id='word_1_32' title='bbox 839 699 1007 790; x_wconf 82' lang='grc' dir='ltr'><strong><em>Ἡμεμύνα</em></strong></span> <span class='ocrx_word' id='word_1_33' title='bbox 1015 707 1136 773; x_wconf 86' lang='lat' dir='ltr'>Andoc.</span> <span class='ocrx_word' id='word_1_34' title='bbox 1143 711 1235 792; x_wconf 88' lang='lat' dir='ltr'>myst.</span> <span class='ocrx_word' id='word_1_35' title='bbox 1245 713 1311 773; x_wconf 90' lang='grc'>122.</span> <span class='ocrx_word' id='word_1_36' title='bbox 1377 797 1378 800; x_wconf 8' lang='lat'>¹</span> 
     </span>
     <span class='ocr_line' id='line_1_5' title="bbox 142 807 1310 901; baseline -0.001 -20"><span class='ocrx_word' id='word_1_37' title='bbox 142 808 328 901; x_wconf 79' lang='grc' dir='ltr'><strong><em>Ἧμεμύνος</em></strong></span> <span class='ocrx_word' id='word_1_38' title='bbox 347 815 473 881; x_wconf 87' lang='lat' dir='ltr'>Arrian.</span> <span class='ocrx_word' id='word_1_39' title='bbox 495 822 523 896; x_wconf 85' lang='lat'>5,</span> <span class='ocrx_word' id='word_1_40' title='bbox 547 822 594 897; x_wconf 94' lang='grc'>19,</span> <span class='ocrx_word' id='word_1_41' title='bbox 615 822 643 896; x_wconf 88' lang='grc'>5,</span> <span class='ocrx_word' id='word_1_42' title='bbox 663 815 741 881; x_wconf 87' lang='lat' dir='ltr'>item</span> <span class='ocrx_word' id='word_1_43' title='bbox 762 815 853 880; x_wconf 85' lang='lat' dir='ltr'>Deru.</span> <span class='ocrx_word' id='word_1_44' title='bbox 877 836 940 880; x_wconf 90' lang='lat' dir='ltr'>cor.</span> <span class='ocrx_word' id='word_1_45' title='bbox 959 821 1000 884; x_wconf 85' lang='grc'>84</span> <span class='ocrx_word' id='word_1_46' title='bbox 1017 807 1200 897; x_wconf 82' lang='grc' dir='ltr'><strong><em>Ἡμεμύνος</em></strong></span> <span class='ocrx_word' id='word_1_47' title='bbox 1222 814 1310 881; x_wconf 83' lang='lat' dir='ltr'>codd.</span> 
     </span>
     <span class='ocr_line' id='line_1_6' title="bbox 146 922 1312 1008; baseline -0.003 -18"><span class='ocrx_word' id='word_1_48' title='bbox 146 947 212 992; x_wconf 86' lang='lat' dir='ltr'>sex.</span> <span class='ocrx_word' id='word_1_49' title='bbox 253 923 380 1008; x_wconf 85' lang='lat' dir='ltr'>Duplex</span> <span class='ocrx_word' id='word_1_50' title='bbox 411 924 474 987; x_wconf 86' lang='lat' dir='ltr'>fuit</span> <span class='ocrx_word' id='word_1_51' title='bbox 504 945 636 1003; x_wconf 83' lang='lat' dir='ltr'>nomen,</span> <span class='ocrx_word' id='word_1_52' title='bbox 671 946 736 989; x_wconf 93' lang='lat' dir='ltr'>non</span> <span class='ocrx_word' id='word_1_53' title='bbox 768 924 874 988; x_wconf 86' lang='lat' dir='ltr'>solum</span> <span class='ocrx_word' id='word_1_54' title='bbox 898 926 935 987; x_wconf 89' lang='lat' dir='ltr'>ut</span> <span class='ocrx_word' id='word_1_55' title='bbox 961 922 1092 1007; x_wconf 86' lang='lat' dir='ltr'>quidam</span> <span class='ocrx_word' id='word_1_56' title='bbox 1118 925 1312 1006; x_wconf 86' lang='lat' dir='ltr'>putaverunt</span> 
     </span>
     <span class='ocr_line' id='line_1_7' title="bbox 142 1023 1312 1116; baseline -0.003 -21"><span class='ocrx_word' id='word_1_57' title='bbox 142 1025 302 1116; x_wconf 76' lang='grc' dir='ltr'><strong><em>Ἡγήμων</em></strong></span> <span class='ocrx_word' id='word_1_58' title='bbox 324 1033 373 1113; x_wconf 89' lang='lat' dir='ltr'>(ut</span> <span class='ocrx_word' id='word_1_59' title='bbox 387 1029 598 1111; x_wconf 79' lang='lat' dir='ltr'>Schoemann.</span> <span class='ocrx_word' id='word_1_60' title='bbox 620 1031 661 1094; x_wconf 91' lang='lat' dir='ltr'>ad</span> <span class='ocrx_word' id='word_1_61' title='bbox 674 1029 802 1096; x_wconf 85' lang='lat' dir='ltr'>Isaeum</span> <span class='ocrx_word' id='word_1_62' title='bbox 820 1053 851 1115; x_wconf 92' lang='lat' dir='ltr'>p.</span> <span class='ocrx_word' id='word_1_63' title='bbox 868 1031 948 1113; x_wconf 87' lang='grc'>328),</span> <span class='ocrx_word' id='word_1_64' title='bbox 967 1030 1023 1095; x_wconf 86' lang='lat' dir='ltr'>scd</span> <span class='ocrx_word' id='word_1_65' title='bbox 1044 1023 1312 1112; x_wconf 77' lang='lat' dir='ltr'>etiam‘Hycpcdv‚</span> 
     </span>
    </p>

    <p class='ocr_par' dir='ltr' id='par_1_3' title="bbox 144 1130 1312 1331">
     <span class='ocr_line' id='line_1_8' title="bbox 145 1130 1312 1222; baseline -0.002 -18"><span class='ocrx_word' id='word_1_66' title='bbox 145 1160 174 1206; x_wconf 84' lang='lat' dir='ltr'>v.</span> <span class='ocrx_word' id='word_1_67' title='bbox 194 1137 277 1205; x_wconf 86' lang='lat' dir='ltr'><strong>Keil.</strong></span> <span class='ocrx_word' id='word_1_68' title='bbox 298 1137 379 1202; x_wconf 89' lang='lat' dir='ltr'>anal.</span> <span class='ocrx_word' id='word_1_69' title='bbox 401 1160 432 1222; x_wconf 89' lang='lat' dir='ltr'>p.</span> <span class='ocrx_word' id='word_1_70' title='bbox 456 1141 523 1204; x_wconf 92' lang='grc'>153.</span> <span class='ocrx_word' id='word_1_71' title='bbox 559 1131 697 1210; x_wconf 80' lang='grc' dir='ltr'><strong><em>λέιμιύν</em></strong></span> <span class='ocrx_word' id='word_1_72' title='bbox 718 1137 812 1205; x_wconf 88' lang='lat' dir='ltr'>Paus.</span> <span class='ocrx_word' id='word_1_73' title='bbox 833 1136 881 1202; x_wconf 77' lang='lat' dir='ltr'>vl</span> <span class='ocrx_word' id='word_1_74' title='bbox 902 1144 930 1215; x_wconf 87' lang='lat'>9,</span> <span class='ocrx_word' id='word_1_75' title='bbox 953 1142 981 1204; x_wconf 88' lang='grc'>3.</span> <span class='ocrx_word' id='word_1_76' title='bbox 1026 1130 1208 1221; x_wconf 73' lang='grc' dir='ltr'><strong><em>Φορμιανός</em></strong></span> <span class='ocrx_word' id='word_1_77' title='bbox 1228 1136 1312 1202; x_wconf 90' lang='lat' dir='ltr'>Har-</span> 
     </span>
     <span class='ocr_line' id='line_1_9' title="bbox 144 1236 1311 1331; baseline -0.003 -19"><span class='ocrx_word' id='word_1_78' title='bbox 144 1266 232 1331; x_wconf 90' lang='lat' dir='ltr'>pocr.</span> <span class='ocrx_word' id='word_1_79' title='bbox 254 1237 369 1331; x_wconf 77' lang='grc' dir='ltr'><strong><em>Σοιτήρ</em></strong></span> <span class='ocrx_word' id='word_1_80' title='bbox 392 1243 568 1328; x_wconf 81' lang='lat' dir='ltr'>episcopus,</span> <span class='ocrx_word' id='word_1_81' title='bbox 589 1244 707 1312; x_wconf 78' lang='lat' dir='ltr'>Euseb.</span> <span class='ocrx_word' id='word_1_82' title='bbox 721 1243 768 1310; x_wconf 89' lang='lat' dir='ltr'>IV</span> <span class='ocrx_word' id='word_1_83' title='bbox 792 1250 838 1321; x_wconf 82' lang='lat'>19.</span> <span class='ocrx_word' id='word_1_84' title='bbox 861 1249 909 1311; x_wconf 83' lang='lat'>22.</span> <span class='ocrx_word' id='word_1_85' title='bbox 931 1249 979 1312; x_wconf 84' lang='grc'>39.</span> <span class='ocrx_word' id='word_1_86' title='bbox 1015 1236 1135 1330; x_wconf 77' lang='grc' dir='ltr'><strong><em>Ἀστηρ</em></strong></span> <span class='ocrx_word' id='word_1_87' title='bbox 1157 1243 1311 1309; x_wconf 87' lang='lat' dir='ltr'>Herodot.</span> 
     </span>
    </p>

    <p class='ocr_par' dir='ltr' id='par_1_4' title="bbox 143 1349 1311 1543">
     <span class='ocr_line' id='line_1_10' title="bbox 144 1349 1311 1432; baseline -0.003 -13"><span class='ocrx_word' id='word_1_88' title='bbox 144 1354 176 1419; x_wconf 90' lang='lat' dir='ltr'>V</span> <span class='ocrx_word' id='word_1_89' title='bbox 197 1358 245 1422; x_wconf 83' lang='grc'>63.</span> <span class='ocrx_word' id='word_1_90' title='bbox 285 1352 379 1418; x_wconf 92' lang='lat' dir='ltr'>Phot</span> <span class='ocrx_word' id='word_1_91' title='bbox 404 1358 462 1419; x_wconf 87' lang='grc'>149</span> <span class='ocrx_word' id='word_1_92' title='bbox 485 1374 504 1415; x_wconf 91' lang='lat' dir='ltr'>a</span> <span class='ocrx_word' id='word_1_93' title='bbox 526 1359 555 1417; x_wconf 86' lang='grc'>4.</span> <span class='ocrx_word' id='word_1_94' title='bbox 594 1351 686 1418; x_wconf 78' lang='lat' dir='ltr'>Eust</span> <span class='ocrx_word' id='word_1_95' title='bbox 709 1356 782 1432; x_wconf 87' lang='grc'>328,</span> <span class='ocrx_word' id='word_1_96' title='bbox 804 1359 853 1420; x_wconf 86' lang='grc'>40.</span> <span class='ocrx_word' id='word_1_97' title='bbox 888 1349 957 1416; x_wconf 89' lang='lat' dir='ltr'>Iam</span> <span class='ocrx_word' id='word_1_98' title='bbox 978 1352 1056 1417; x_wconf 88' lang='lat' dir='ltr'>satis</span> <span class='ocrx_word' id='word_1_99' title='bbox 1078 1356 1136 1431; x_wconf 85' lang='lat' dir='ltr'>est,</span> <span class='ocrx_word' id='word_1_100' title='bbox 1155 1351 1311 1417; x_wconf 89' lang='lat' dir='ltr'>librorum</span> 
     </span>
     <span class='ocr_line' id='line_1_11' title="bbox 143 1458 1310 1543; baseline 0 -17"><span class='ocrx_word' id='word_1_101' title='bbox 143 1460 282 1527; x_wconf 87' lang='lat' dir='ltr'>ludibria</span> <span class='ocrx_word' id='word_1_102' title='bbox 303 1481 413 1525; x_wconf 91' lang='lat' dir='ltr'>sumus</span> <span class='ocrx_word' id='word_1_103' title='bbox 435 1498 474 1508; x_wconf 84' lang='lat'><strong>—</strong></span> <span class='ocrx_word' id='word_1_104' title='bbox 496 1461 552 1522; x_wconf 88' lang='lat' dir='ltr'>aut</span> <span class='ocrx_word' id='word_1_105' title='bbox 573 1458 607 1522; x_wconf 91' lang='lat' dir='ltr'>in</span> <span class='ocrx_word' id='word_1_106' title='bbox 628 1459 679 1523; x_wconf 91' lang='lat' dir='ltr'>his</span> <span class='ocrx_word' id='word_1_107' title='bbox 701 1462 757 1523; x_wconf 90' lang='lat' dir='ltr'>aut</span> <span class='ocrx_word' id='word_1_108' title='bbox 778 1459 812 1523; x_wconf 92' lang='lat' dir='ltr'>in</span> <span class='ocrx_word' id='word_1_109' title='bbox 833 1458 1045 1524; x_wconf 87' lang='lat' dir='ltr'>Herodianeis</span> <span class='ocrx_word' id='word_1_110' title='bbox 1065 1459 1197 1525; x_wconf 86' lang='lat' dir='ltr'>Arcadii</span> <span class='ocrx_word' id='word_1_111' title='bbox 1217 1481 1248 1543; x_wconf 90' lang='lat' dir='ltr'>p.</span> <span class='ocrx_word' id='word_1_112' title='bbox 1273 1465 1310 1526; x_wconf 84' lang='lat'>19</span> 
     </span>
    </p>

    <p class='ocr_par' dir='ltr' id='par_1_5' title="bbox 134 1558 1310 2411">
     <span class='ocr_line' id='line_1_12' title="bbox 142 1558 1310 1652; baseline -0.002 -21"><span class='ocrx_word' id='word_1_113' title='bbox 142 1565 185 1632; x_wconf 83' lang='grc' dir='ltr'><strong><em>τὰ</em></strong></span> <span class='ocrx_word' id='word_1_114' title='bbox 200 1560 247 1644; x_wconf 77' lang='grc' dir='ltr'>εἰς</span> <span class='ocrx_word' id='word_1_115' title='bbox 260 1590 299 1652; x_wconf 90' lang='grc' dir='ltr'>ηρ</span> <span class='ocrx_word' id='word_1_116' title='bbox 318 1558 466 1646; x_wconf 79' lang='grc' dir='ltr'><strong><em>ὀξύνεται</em></strong></span> <span class='ocrx_word' id='word_1_117' title='bbox 487 1562 543 1629; x_wconf 83' lang='grc' dir='ltr'>καὶ</span> <span class='ocrx_word' id='word_1_118' title='bbox 562 1560 750 1650; x_wconf 76' lang='grc' dir='ltr'><strong><em>βαρύνεται.</em></strong></span> <span class='ocrx_word' id='word_1_119' title='bbox 786 1562 842 1631; x_wconf 78' lang='grc' dir='ltr'>καὶ</span> <span class='ocrx_word' id='word_1_120' title='bbox 860 1558 1013 1646; x_wconf 79' lang='grc' dir='ltr'><strong><em>ὀξύνεται</em></strong></span> <span class='ocrx_word' id='word_1_121' title='bbox 1028 1563 1094 1649; x_wconf 81' lang='grc' dir='ltr'>μὲν</span> <span class='ocrx_word' id='word_1_122' title='bbox 1116 1561 1209 1631; x_wconf 80' lang='grc' dir='ltr'><strong><em>ἁπλᾶ</em></strong></span> <span class='ocrx_word' id='word_1_123' title='bbox 1232 1558 1310 1632; x_wconf 70' lang='lat' dir='ltr'>tac</span> 
     </span>
     <span class='ocr_line' id='line_1_13' title="bbox 134 1664 1307 1760; baseline -0.003 -21"><span class='ocrx_word' id='word_1_124' title='bbox 134 1664 315 1760; x_wconf 73' lang='grc' dir='ltr'><strong><em>ὀροτνικύ·</em></strong></span> <span class='ocrx_word' id='word_1_125' title='bbox 337 1664 356 1738; x_wconf 82' lang='grc' dir='ltr'>ὁ</span> <span class='ocrx_word' id='word_1_126' title='bbox 373 1668 409 1737; x_wconf 77' lang='grc' dir='ltr'>δὲ</span> <span class='ocrx_word' id='word_1_127' title='bbox 423 1666 522 1757; x_wconf 78' lang='grc' dir='ltr'><strong><em>λόγος</em></strong></span> <span class='ocrx_word' id='word_1_128' title='bbox 535 1675 626 1739; x_wconf 82' lang='grc' dir='ltr'><strong><em>τοῦτ</em></strong></span> <span class='ocrx_word' id='word_1_129' title='bbox 640 1669 871 1759; x_wconf 70' lang='grc' dir='ltr'><strong><em>προαγομένου</em></strong></span> <span class='ocrx_word' id='word_1_130' title='bbox 885 1677 944 1738; x_wconf 83' lang='grc' dir='ltr'><strong><em>τοῦ</em></strong></span> <span class='ocrx_word' id='word_1_131' title='bbox 961 1697 992 1760; x_wconf 89' lang='grc' dir='ltr'>η,</span> <span class='ocrx_word' id='word_1_132' title='bbox 1015 1667 1152 1759; x_wconf 76' lang='grc' dir='ltr'><strong><em>οτατήρ,</em></strong></span> <span class='ocrx_word' id='word_1_133' title='bbox 1175 1666 1307 1760; x_wconf 78' lang='grc' dir='ltr'><strong><em>ἐλατήρ,</em></strong></span> 
     </span>
     <span class='ocr_line' id='line_1_14' title="bbox 143 1771 1310 1868; baseline -0.005 -19"><span class='ocrx_word' id='word_1_134' title='bbox 143 1775 315 1868; x_wconf 60' lang='lat' dir='ltr'>saprade,</span> <span class='ocrx_word' id='word_1_135' title='bbox 339 1773 506 1868; x_wconf 77' lang='grc' dir='ltr'><strong><em>ἕξατοτηρ.</em></strong></span> <span class='ocrx_word' id='word_1_136' title='bbox 541 1771 680 1866; x_wconf 78' lang='grc' dir='ltr'><strong><em>ἐξαύτηρ</em></strong></span> <span class='ocrx_word' id='word_1_137' title='bbox 705 1777 741 1845; x_wconf 79' lang='grc' dir='ltr'>δὲ</span> <span class='ocrx_word' id='word_1_138' title='bbox 763 1772 877 1863; x_wconf 87' lang='grc' dir='ltr'><strong><em>κύριον</em></strong></span> <span class='ocrx_word' id='word_1_139' title='bbox 899 1780 943 1859; x_wconf 81' lang='grc' dir='ltr'>ὡς</span> <span class='ocrx_word' id='word_1_140' title='bbox 962 1779 999 1848; x_wconf 89' lang='grc' dir='ltr'><strong><em>τὸ</em></strong></span> <span class='ocrx_word' id='word_1_141' title='bbox 1023 1774 1152 1868; x_wconf 86' lang='grc' dir='ltr'><strong><em>ύμύτηρ</em></strong></span> <span class='ocrx_word' id='word_1_142' title='bbox 1174 1778 1230 1846; x_wconf 84' lang='grc' dir='ltr'>καὶ</span> <span class='ocrx_word' id='word_1_143' title='bbox 1252 1773 1310 1844; x_wconf 78' lang='grc' dir='ltr'>ὀν-</span> 
     </span>
     <span class='ocr_line' id='line_1_15' title="bbox 136 1881 1310 1976; baseline -0.002 -23"><span class='ocrx_word' id='word_1_144' title='bbox 136 1912 217 1976; x_wconf 36' lang='grc' dir='ltr'><strong><em>,τηρ,</em></strong></span> <span class='ocrx_word' id='word_1_145' title='bbox 247 1887 312 1954; x_wconf 77' lang='grc' dir='ltr'>καὶ</span> <span class='ocrx_word' id='word_1_146' title='bbox 341 1881 636 1974; x_wconf 76' lang='grc' dir='ltr'><strong><em>ὀύοτηρκύριον.</em></strong></span> <span class='ocrx_word' id='word_1_147' title='bbox 678 1887 769 1956; x_wconf 82' lang='lat' dir='ltr'>Eust.</span> <span class='ocrx_word' id='word_1_148' title='bbox 798 1895 889 1970; x_wconf 84' lang='grc'>1967,</span> <span class='ocrx_word' id='word_1_149' title='bbox 910 1895 950 1958; x_wconf 85' lang='grc'>20</span> <span class='ocrx_word' id='word_1_150' title='bbox 978 1891 1030 1971; x_wconf 86' lang='lat' dir='ltr'>(ex</span> <span class='ocrx_word' id='word_1_151' title='bbox 1054 1888 1251 1974; x_wconf 89' lang='lat' dir='ltr'>Philopon0‚</span> <span class='ocrx_word' id='word_1_152' title='bbox 1276 1889 1310 1953; x_wconf 92' lang='lat' dir='ltr'>ni</span> 
     </span>
     <span class='ocr_line' id='line_1_16' title="bbox 142 1988 1307 2082; baseline -0.003 -19"><span class='ocrx_word' id='word_1_153' title='bbox 142 1996 248 2080; x_wconf 79' lang='lat' dir='ltr'>fallor)</span> <span class='ocrx_word' id='word_1_154' title='bbox 278 1997 316 2062; x_wconf 92' lang='lat' dir='ltr'>de</span> <span class='ocrx_word' id='word_1_155' title='bbox 342 1997 472 2062; x_wconf 90' lang='lat' dir='ltr'>nomine</span> <span class='ocrx_word' id='word_1_156' title='bbox 498 1996 587 2062; x_wconf 89' lang='lat' dir='ltr'>urbis</span> <span class='ocrx_word' id='word_1_157' title='bbox 616 2001 857 2063; x_wconf 88' lang='lat' dir='ltr'>commemorat:</span> <span class='ocrx_word' id='word_1_158' title='bbox 890 1993 947 2062; x_wconf 79' lang='grc' dir='ltr'>καὶ</span> <span class='ocrx_word' id='word_1_159' title='bbox 965 1988 1088 2082; x_wconf 68' lang='grc' dir='ltr'><strong><em>Ἄοτηρ</em></strong></span> <span class='ocrx_word' id='word_1_160' title='bbox 1113 1993 1174 2080; x_wconf 80' lang='grc' dir='ltr'>μὲν</span> <span class='ocrx_word' id='word_1_161' title='bbox 1200 1995 1307 2073; x_wconf 83' lang='grc' dir='ltr'><strong><em>πόλις,</em></strong></span> 
     </span>
     <span class='ocr_line' id='line_1_17' title="bbox 142 2095 1309 2190; baseline -0.001 -22"><span class='ocrx_word' id='word_1_162' title='bbox 142 2097 247 2190; x_wconf 78' lang='grc' dir='ltr'><strong><em>ἀστήρ</em></strong></span> <span class='ocrx_word' id='word_1_163' title='bbox 271 2099 307 2168; x_wconf 76' lang='grc' dir='ltr'>δὲ</span> <span class='ocrx_word' id='word_1_164' title='bbox 329 2096 346 2167; x_wconf 85' lang='grc' dir='ltr'>ὁ</span> <span class='ocrx_word' id='word_1_165' title='bbox 369 2096 438 2168; x_wconf 81' lang='grc' dir='ltr'><strong><em>κατ’</em></strong></span> <span class='ocrx_word' id='word_1_166' title='bbox 463 2095 612 2188; x_wconf 80' lang='grc' dir='ltr'><strong><em>οὐρανόν.</em></strong></span> <span class='ocrx_word' id='word_1_167' title='bbox 660 2103 724 2170; x_wconf 85' lang='lat' dir='ltr'>Sed</span> <span class='ocrx_word' id='word_1_168' title='bbox 751 2103 832 2169; x_wconf 86' lang='lat' dir='ltr'>illud</span> <span class='ocrx_word' id='word_1_169' title='bbox 859 2103 1101 2171; x_wconf 85' lang='lat' dir='ltr'>Herodianeum</span> <span class='ocrx_word' id='word_1_170' title='bbox 1115 2100 1182 2190; x_wconf 36' lang='grc' dir='ltr'>,καὶ</span> <span class='ocrx_word' id='word_1_171' title='bbox 1210 2096 1309 2188; x_wconf 78' lang='grc' dir='ltr'><strong><em>ύοτηρ</em></strong></span> 
     </span>
     <span class='ocr_line' id='line_1_18' title="bbox 142 2205 1310 2296; baseline -0.002 -19"><span class='ocrx_word' id='word_1_172' title='bbox 142 2205 256 2295; x_wconf 83' lang='grc' dir='ltr'><strong><em>κύριον</em></strong></span> <span class='ocrx_word' id='word_1_173' title='bbox 269 2211 331 2278; x_wconf 90' lang='lat' dir='ltr'>sibi</span> <span class='ocrx_word' id='word_1_174' title='bbox 344 2211 502 2277; x_wconf 85' lang='lat' dir='ltr'>incertum</span> <span class='ocrx_word' id='word_1_175' title='bbox 511 2212 612 2278; x_wconf 80' lang='lat' dir='ltr'>videri</span> <span class='ocrx_word' id='word_1_176' title='bbox 625 2212 694 2277; x_wconf 91' lang='lat' dir='ltr'>iure</span> <span class='ocrx_word' id='word_1_177' title='bbox 708 2211 862 2278; x_wconf 80' lang='lat' dir='ltr'>indicavit</span> <span class='ocrx_word' id='word_1_178' title='bbox 875 2213 1069 2291; x_wconf 85' lang='lat' dir='ltr'>novissimus</span> <span class='ocrx_word' id='word_1_179' title='bbox 1084 2211 1196 2295; x_wconf 89' lang='lat' dir='ltr'>editor,</span> <span class='ocrx_word' id='word_1_180' title='bbox 1210 2210 1310 2296; x_wconf 85' lang='lat' dir='ltr'>scrip-</span> 
     </span>
     <span class='ocr_line' id='line_1_19' title="bbox 142 2319 1310 2411; baseline -0.002 -27"><span class='ocrx_word' id='word_1_181' title='bbox 142 2319 249 2404; x_wconf 84' lang='lat' dir='ltr'>sitque</span> <span class='ocrx_word' id='word_1_182' title='bbox 275 2320 384 2404; x_wconf 88' lang='lat' dir='ltr'>potius</span> <span class='ocrx_word' id='word_1_183' title='bbox 411 2342 493 2404; x_wconf 88' lang='lat' dir='ltr'>qnae</span> <span class='ocrx_word' id='word_1_184' title='bbox 519 2320 629 2404; x_wconf 80' lang='lat' dir='ltr'><strong>paucis</strong></span> <span class='ocrx_word' id='word_1_185' title='bbox 649 2319 833 2411; x_wconf 32' lang='lat' dir='ltr'>&#39;interiectis</span> <span class='ocrx_word' id='word_1_186' title='bbox 869 2321 1014 2393; x_wconf 86' lang='lat' dir='ltr'>versibus</span> <span class='ocrx_word' id='word_1_187' title='bbox 1046 2323 1226 2404; x_wconf 89' lang='lat' dir='ltr'>sequuntur</span> <span class='ocrx_word' id='word_1_188' title='bbox 1251 2319 1310 2384; x_wconf 87' lang='lat' dir='ltr'>sic:</span> 
     </span>
    </p>

    <p class='ocr_par' dir='ltr' id='par_1_6' title="bbox 132 2406 1400 4123">
     <span class='ocr_line' id='line_1_20' title="bbox 141 2406 1400 2513; baseline -0.001 -24"><span class='ocrx_word' id='word_1_189' title='bbox 141 2423 181 2489; x_wconf 89' lang='grc' dir='ltr'><strong><em>τὰ</em></strong></span> <span class='ocrx_word' id='word_1_190' title='bbox 196 2418 244 2502; x_wconf 84' lang='grc' dir='ltr'>εἶς</span> <span class='ocrx_word' id='word_1_191' title='bbox 258 2448 297 2511; x_wconf 89' lang='grc' dir='ltr'>ηρ</span> <span class='ocrx_word' id='word_1_192' title='bbox 313 2421 433 2490; x_wconf 69' lang='grc' dir='ltr'><strong><em>ἐθνικοὶ</em></strong></span> <span class='ocrx_word' id='word_1_193' title='bbox 448 2419 472 2512; x_wconf 73' lang='grc' dir='ltr'>ἢ</span> <span class='ocrx_word' id='word_1_194' title='bbox 485 2422 582 2512; x_wconf 83' lang='grc' dir='ltr'><strong><em>κύριοι</em></strong></span> <span class='ocrx_word' id='word_1_195' title='bbox 596 2423 641 2513; x_wconf 81' lang='grc' dir='ltr'>μὴ</span> <span class='ocrx_word' id='word_1_196' title='bbox 658 2421 925 2508; x_wconf 84' lang='grc' dir='ltr'><strong><em>σονεμιτίιττοντα</em></strong></span> <span class='ocrx_word' id='word_1_197' title='bbox 939 2428 1196 2512; x_wconf 81' lang='grc' dir='ltr'><strong><em>τιροοημορικοῖς</em></strong></span> <span class='ocrx_word' id='word_1_198' title='bbox 1207 2420 1310 2510; x_wconf 76' lang='grc' dir='ltr'><strong><em>βαρύ·</em></strong></span> <span class='ocrx_word' id='word_1_199' title='bbox 1395 2406 1400 2415; x_wconf 45' lang='grc'><strong>”</strong></span> 
     </span>
     <span class='ocr_line' id='line_1_21' title="bbox 141 2524 1310 2621; baseline 0.001 -25"><span class='ocrx_word' id='word_1_200' title='bbox 141 2555 264 2612; x_wconf 84' lang='grc' dir='ltr'><strong><em>νονται,</em></strong></span> <span class='ocrx_word' id='word_1_201' title='bbox 278 2525 383 2619; x_wconf 51' lang='lat' dir='ltr'>”Idan</span> <span class='ocrx_word' id='word_1_202' title='bbox 404 2525 555 2619; x_wconf 67' lang='grc' dir='ltr'>Ἀνύβηρ,</span> <span class='ocrx_word' id='word_1_203' title='bbox 572 2526 699 2621; x_wconf 81' lang='grc' dir='ltr'><strong><em>Δόβηρ,</em></strong></span> <span class='ocrx_word' id='word_1_204' title='bbox 722 2529 824 2620; x_wconf 87' lang='grc' dir='ltr'><strong><em>Πίηρ.</em></strong></span> <span class='ocrx_word' id='word_1_205' title='bbox 857 2531 895 2599; x_wconf 89' lang='grc' dir='ltr'><strong><em>τὸ</em></strong></span> <span class='ocrx_word' id='word_1_206' title='bbox 917 2530 1032 2617; x_wconf 83' lang='grc' dir='ltr'><strong><em>μέντοι</em></strong></span> <span class='ocrx_word' id='word_1_207' title='bbox 1049 2525 1212 2618; x_wconf 71' lang='grc' dir='ltr'><strong><em>Ἐλεοθήρ</em></strong></span> <span class='ocrx_word' id='word_1_208' title='bbox 1235 2524 1310 2610; x_wconf 81' lang='grc' dir='ltr'><strong><em>ὀξύ-</em></strong></span> 
     </span>
     <span class='ocr_line' id='line_1_22' title="bbox 141 2632 1310 2729; baseline -0.001 -24"><span class='ocrx_word' id='word_1_209' title='bbox 141 2662 242 2721; x_wconf 84' lang='grc' dir='ltr'><strong><em>νεται,</em></strong></span> <span class='ocrx_word' id='word_1_210' title='bbox 265 2632 311 2718; x_wconf 77' lang='grc' dir='ltr'>ὥς</span> <span class='ocrx_word' id='word_1_211' title='bbox 324 2639 361 2707; x_wconf 86' lang='grc' dir='ltr'><strong><em>τὸ</em></strong></span> <span class='ocrx_word' id='word_1_212' title='bbox 373 2633 506 2729; x_wconf 79' lang='grc' dir='ltr'><strong><em>Ἀστήρ.</em></strong></span> <span class='ocrx_word' id='word_1_213' title='bbox 541 2640 670 2727; x_wconf 79' lang='lat' dir='ltr'>Scilicet</span> <span class='ocrx_word' id='word_1_214' title='bbox 689 2643 917 2729; x_wconf 80' lang='lat' dir='ltr'>cogitabimus:</span> <span class='ocrx_word' id='word_1_215' title='bbox 937 2640 1161 2723; x_wconf 79' lang='grc' dir='ltr'><strong><em>οονεμττῖτιτον</em></strong></span> <span class='ocrx_word' id='word_1_216' title='bbox 1183 2660 1310 2726; x_wconf 84' lang='grc' dir='ltr'><strong><em>ιτροοη-</em></strong></span> 
     </span>
     <span class='ocr_line' id='line_1_23' title="bbox 142 2743 1310 2835; baseline -0.003 -20"><span class='ocrx_word' id='word_1_217' title='bbox 142 2751 275 2835; x_wconf 72' lang='grc' dir='ltr'>γορικῷ.</span> <span class='ocrx_word' id='word_1_218' title='bbox 311 2748 460 2829; x_wconf 80' lang='lat' dir='ltr'>Quodad</span> <span class='ocrx_word' id='word_1_219' title='bbox 478 2747 602 2834; x_wconf 88' lang='lat' dir='ltr'>reliqua</span> <span class='ocrx_word' id='word_1_220' title='bbox 622 2749 688 2814; x_wconf 90' lang='lat' dir='ltr'>illic</span> <span class='ocrx_word' id='word_1_221' title='bbox 709 2743 934 2834; x_wconf 74' lang='grc' dir='ltr'><strong><em>αἰνιγματώδη</em></strong></span> <span class='ocrx_word' id='word_1_222' title='bbox 956 2748 1080 2830; x_wconf 75' lang='lat' dir='ltr'>attinet,</span> <span class='ocrx_word' id='word_1_223' title='bbox 1100 2747 1186 2813; x_wconf 87' lang='lat' dir='ltr'>idem</span> <span class='ocrx_word' id='word_1_224' title='bbox 1206 2747 1310 2812; x_wconf 88' lang='lat' dir='ltr'>editor</span> 
     </span>
     <span class='ocr_line' id='line_1_24' title="bbox 140 2852 1308 2946; baseline -0.005 -22"><span class='ocrx_word' id='word_1_225' title='bbox 140 2857 267 2925; x_wconf 88' lang='lat' dir='ltr'>monuit</span> <span class='ocrx_word' id='word_1_226' title='bbox 294 2858 332 2923; x_wconf 87' lang='lat' dir='ltr'>de</span> <span class='ocrx_word' id='word_1_227' title='bbox 357 2857 428 2922; x_wconf 89' lang='lat' dir='ltr'>loco</span> <span class='ocrx_word' id='word_1_228' title='bbox 451 2856 668 2923; x_wconf 80' lang='lat' dir='ltr'>Choerohosci</span> <span class='ocrx_word' id='word_1_229' title='bbox 694 2856 839 2946; x_wconf 81' lang='lat' dir='ltr'>orthogr.</span> <span class='ocrx_word' id='word_1_230' title='bbox 862 2856 963 2924; x_wconf 83' lang='lat' dir='ltr'>Oram.</span> <span class='ocrx_word' id='word_1_231' title='bbox 984 2852 1016 2921; x_wconf 92' lang='grc' dir='ltr'>ΙΙ</span> <span class='ocrx_word' id='word_1_232' title='bbox 1036 2878 1067 2940; x_wconf 91' lang='lat' dir='ltr'>p.</span> <span class='ocrx_word' id='word_1_233' title='bbox 1088 2860 1163 2934; x_wconf 85' lang='grc'>250,</span> <span class='ocrx_word' id='word_1_234' title='bbox 1187 2855 1308 2938; x_wconf 92' lang='lat' dir='ltr'>inquo</span> 
     </span>
     <span class='ocr_line' id='line_1_25' title="bbox 133 2944 1308 3055; baseline -0.003 -26"><span class='ocrx_word' id='word_1_235' title='bbox 133 2963 317 3055; x_wconf 74' lang='lat' dir='ltr'>¹Herodiani</span> <span class='ocrx_word' id='word_1_236' title='bbox 343 2965 479 3049; x_wconf 86' lang='lat' dir='ltr'>vestigia</span> <span class='ocrx_word' id='word_1_237' title='bbox 504 2944 595 3030; x_wconf 78' lang='lat' dir='ltr'>iacile</span> <span class='ocrx_word' id='word_1_238' title='bbox 625 2963 845 3053; x_wconf 81' lang='lat' dir='ltr'>agnoscimus:</span> <span class='ocrx_word' id='word_1_239' title='bbox 877 2957 980 3048; x_wconf 73' lang='grc' dir='ltr'><strong><em>Πύρρε</em></strong></span> <span class='ocrx_word' id='word_1_240' title='bbox 1007 2986 1029 3026; x_wconf 91' lang='grc' dir='ltr'>ι.</span> <span class='ocrx_word' id='word_1_241' title='bbox 1055 2959 1096 3026; x_wconf 86' lang='grc' dir='ltr'><strong><em>τὰ</em></strong></span> <span class='ocrx_word' id='word_1_242' title='bbox 1117 2959 1180 3048; x_wconf 76' lang='grc' dir='ltr'>γὰρ</span> <span class='ocrx_word' id='word_1_243' title='bbox 1202 2955 1250 3039; x_wconf 79' lang='grc' dir='ltr'>εἷς</span> <span class='ocrx_word' id='word_1_244' title='bbox 1268 2984 1308 3046; x_wconf 92' lang='grc' dir='ltr'>ηρ</span> 
     </span>
     <span class='ocr_line' id='line_1_26' title="bbox 140 3063 1309 3167; baseline -0.002 -32"><span class='ocrx_word' id='word_1_245' title='bbox 140 3067 305 3167; x_wconf 84' lang='grc' dir='ltr'><strong><em>βαρύτονα</em></strong></span> <span class='ocrx_word' id='word_1_246' title='bbox 326 3066 374 3138; x_wconf 73' lang='grc' dir='ltr'>ἑνὶ</span> <span class='ocrx_word' id='word_1_247' title='bbox 393 3065 557 3160; x_wconf 80' lang='grc' dir='ltr'><strong><em>φωνήεντι</em></strong></span> <span class='ocrx_word' id='word_1_248' title='bbox 579 3068 721 3141; x_wconf 68' lang='grc' dir='ltr'><strong><em>θέλουσι</em></strong></span> <span class='ocrx_word' id='word_1_249' title='bbox 742 3065 1020 3157; x_wconf 73' lang='grc' dir='ltr'><strong><em>παραλήμεοθαι,</em></strong></span> <span class='ocrx_word' id='word_1_250' title='bbox 1042 3066 1131 3157; x_wconf 75' lang='grc' dir='ltr'><strong><em>πλὴν</em></strong></span> <span class='ocrx_word' id='word_1_251' title='bbox 1152 3071 1212 3135; x_wconf 80' lang='grc' dir='ltr'><strong><em>τοῦ</em></strong></span> <span class='ocrx_word' id='word_1_252' title='bbox 1235 3063 1309 3149; x_wconf 81' lang='grc' dir='ltr'><strong><em>ε’ξύ-</em></strong></span> 
     </span>
     <span class='ocr_line' id='line_1_27' title="bbox 140 3169 1309 3269; baseline -0.002 -27"><span class='ocrx_word' id='word_1_253' title='bbox 140 3201 234 3264; x_wconf 84' lang='grc' dir='ltr'><strong><em>πτηρ.</em></strong></span> <span class='ocrx_word' id='word_1_254' title='bbox 267 3172 338 3269; x_wconf 72' lang='grc' dir='ltr'><strong><em>ἔστι</em></strong></span> <span class='ocrx_word' id='word_1_255' title='bbox 360 3173 397 3243; x_wconf 78' lang='grc' dir='ltr'>δὲ</span> <span class='ocrx_word' id='word_1_256' title='bbox 418 3171 525 3263; x_wconf 84' lang='grc' dir='ltr'><strong><em>ὀνομα</em></strong></span> <span class='ocrx_word' id='word_1_257' title='bbox 547 3172 661 3264; x_wconf 80' lang='grc' dir='ltr'><strong><em>κύριον</em></strong></span> <span class='ocrx_word' id='word_1_258' title='bbox 681 3176 739 3246; x_wconf 78' lang='grc' dir='ltr'>καὶ</span> <span class='ocrx_word' id='word_1_259' title='bbox 759 3172 950 3263; x_wconf 81' lang='grc' dir='ltr'><strong><em>βαρύνεται·</em></strong></span> <span class='ocrx_word' id='word_1_260' title='bbox 976 3169 1077 3262; x_wconf 74' lang='grc' dir='ltr'><strong><em>ἡνίκα</em></strong></span> <span class='ocrx_word' id='word_1_261' title='bbox 1099 3173 1136 3242; x_wconf 79' lang='grc' dir='ltr'>δὲ</span> <span class='ocrx_word' id='word_1_262' title='bbox 1156 3171 1309 3265; x_wconf 81' lang='grc' dir='ltr'><strong><em>σημαίνει</em></strong></span> 
     </span>
     <span class='ocr_line' id='line_1_28' title="bbox 140 3277 1309 3372; baseline 0.001 -24"><span class='ocrx_word' id='word_1_263' title='bbox 140 3282 216 3362; x_wconf 82' lang='grc' dir='ltr'><strong><em>τοὺς</em></strong></span> <span class='ocrx_word' id='word_1_264' title='bbox 237 3277 388 3369; x_wconf 67' lang='lat' dir='ltr'>tyriacus</span> <span class='ocrx_word' id='word_1_265' title='bbox 408 3277 565 3366; x_wconf 78' lang='grc' dir='ltr'><strong><em>ὀξύνεται.</em></strong></span> <span class='ocrx_word' id='word_1_266' title='bbox 602 3286 736 3372; x_wconf 85' lang='lat' dir='ltr'>Scripsit</span> <span class='ocrx_word' id='word_1_267' title='bbox 756 3286 825 3372; x_wconf 90' lang='lat' dir='ltr'>ipse</span> <span class='ocrx_word' id='word_1_268' title='bbox 848 3277 999 3371; x_wconf 75' lang='grc' dir='ltr'><strong><em>ἐξαύτηρε</em></strong></span> <span class='ocrx_word' id='word_1_269' title='bbox 1020 3308 1095 3351; x_wconf 88' lang='lat' dir='ltr'>nam</span> <span class='ocrx_word' id='word_1_270' title='bbox 1116 3286 1156 3351; x_wconf 89' lang='lat' dir='ltr'>ad</span> <span class='ocrx_word' id='word_1_271' title='bbox 1179 3285 1309 3371; x_wconf 91' lang='lat' dir='ltr'>opposi-</span> 
     </span>
     <span class='ocr_line' id='line_1_29' title="bbox 141 3385 1309 3482; baseline 0 -26"><span class='ocrx_word' id='word_1_272' title='bbox 141 3391 263 3458; x_wconf 85' lang='lat' dir='ltr'>tionem</span> <span class='ocrx_word' id='word_1_273' title='bbox 279 3385 351 3469; x_wconf 78' lang='grc' dir='ltr'><strong><em>ἑνὸς</em></strong></span> <span class='ocrx_word' id='word_1_274' title='bbox 365 3387 554 3482; x_wconf 81' lang='grc' dir='ltr'><strong><em>φωνήεντος</em></strong></span> <span class='ocrx_word' id='word_1_275' title='bbox 569 3395 790 3480; x_wconf 85' lang='lat' dir='ltr'>diphthongus</span> <span class='ocrx_word' id='word_1_276' title='bbox 804 3394 986 3478; x_wconf 82' lang='lat' dir='ltr'>requiritur.</span> <span class='ocrx_word' id='word_1_277' title='bbox 1014 3392 1068 3459; x_wconf 88' lang='lat' dir='ltr'>Sic</span> <span class='ocrx_word' id='word_1_278' title='bbox 1085 3415 1152 3458; x_wconf 92' lang='lat' dir='ltr'>non</span> <span class='ocrx_word' id='word_1_279' title='bbox 1165 3393 1309 3459; x_wconf 80' lang='lat' dir='ltr'>videmur</span> 
     </span>
     <span class='ocr_line' id='line_1_30' title="bbox 143 3499 1309 3586; baseline 0 -22"><span class='ocrx_word' id='word_1_280' title='bbox 143 3499 281 3585; x_wconf 82' lang='lat' dir='ltr'>effugere</span> <span class='ocrx_word' id='word_1_281' title='bbox 295 3521 399 3586; x_wconf 85' lang='lat' dir='ltr'>posse,</span> <span class='ocrx_word' id='word_1_282' title='bbox 422 3502 501 3586; x_wconf 92' lang='lat' dir='ltr'>quin</span> <span class='ocrx_word' id='word_1_283' title='bbox 516 3506 548 3568; x_wconf 92' lang='lat' dir='ltr'>et</span> <span class='ocrx_word' id='word_1_284' title='bbox 561 3503 699 3568; x_wconf 86' lang='lat' dir='ltr'>formem</span> <span class='ocrx_word' id='word_1_285' title='bbox 713 3502 782 3567; x_wconf 90' lang='lat' dir='ltr'>sine</span> <span class='ocrx_word' id='word_1_286' title='bbox 804 3521 832 3581; x_wconf 91' lang='grc' dir='ltr'>σ,</span> <span class='ocrx_word' id='word_1_287' title='bbox 854 3523 936 3586; x_wconf 93' lang='lat' dir='ltr'>quae</span> <span class='ocrx_word' id='word_1_288' title='bbox 950 3501 1161 3567; x_wconf 85' lang='lat' dir='ltr'>Lobechianis</span> <span class='ocrx_word' id='word_1_289' title='bbox 1180 3502 1309 3566; x_wconf 84' lang='lat' dir='ltr'>accedet</span> 
     </span>
     <span class='ocr_line' id='line_1_31' title="bbox 143 3606 1308 3695; baseline -0.001 -23"><span class='ocrx_word' id='word_1_290' title='bbox 143 3607 182 3672; x_wconf 86' lang='lat' dir='ltr'>ad</span> <span class='ocrx_word' id='word_1_291' title='bbox 202 3606 254 3675; x_wconf 79' lang='grc' dir='ltr'>Αἰ.</span> <span class='ocrx_word' id='word_1_292' title='bbox 274 3630 304 3692; x_wconf 91' lang='lat' dir='ltr'>p.</span> <span class='ocrx_word' id='word_1_293' title='bbox 326 3613 400 3692; x_wconf 87' lang='grc'>358,</span> <span class='ocrx_word' id='word_1_294' title='bbox 426 3612 579 3676; x_wconf 87' lang='lat' dir='ltr'>testatam</span> <span class='ocrx_word' id='word_1_295' title='bbox 604 3615 755 3695; x_wconf 91' lang='lat' dir='ltr'>putemus</span> <span class='ocrx_word' id='word_1_296' title='bbox 782 3609 860 3691; x_wconf 89' lang='lat' dir='ltr'>(imo</span> <span class='ocrx_word' id='word_1_297' title='bbox 888 3608 1025 3673; x_wconf 86' lang='lat' dir='ltr'>fortasse</span> <span class='ocrx_word' id='word_1_298' title='bbox 1047 3631 1117 3674; x_wconf 88' lang='lat' dir='ltr'>eam</span> <span class='ocrx_word' id='word_1_299' title='bbox 1141 3608 1245 3692; x_wconf 86' lang='lat' dir='ltr'>ipsam</span> <span class='ocrx_word' id='word_1_300' title='bbox 1273 3609 1308 3672; x_wconf 92' lang='lat' dir='ltr'>in</span> 
     </span>
     <span class='ocr_line' id='line_1_32' title="bbox 132 3714 1308 3802; baseline 0.001 -23"><span class='ocrx_word' id='word_1_301' title='bbox 132 3714 302 3800; x_wconf 73' lang='lat' dir='ltr'>⁴Aeschylo</span> <span class='ocrx_word' id='word_1_302' title='bbox 328 3714 437 3801; x_wconf 87' lang='lat' dir='ltr'>potius</span> <span class='ocrx_word' id='word_1_303' title='bbox 463 3716 562 3782; x_wconf 90' lang='lat' dir='ltr'>fuisse</span> <span class='ocrx_word' id='word_1_304' title='bbox 589 3716 793 3802; x_wconf 87' lang='lat' dir='ltr'>opinabimur</span> <span class='ocrx_word' id='word_1_305' title='bbox 816 3716 854 3780; x_wconf 90' lang='lat' dir='ltr'>fr.</span> <span class='ocrx_word' id='word_1_306' title='bbox 876 3722 937 3783; x_wconf 83' lang='grc'>429</span> <span class='ocrx_word' id='word_1_307' title='bbox 966 3738 1062 3800; x_wconf 88' lang='lat' dir='ltr'>quam</span> <span class='ocrx_word' id='word_1_308' title='bbox 1088 3715 1253 3800; x_wconf 82' lang='lat' dir='ltr'>vulgarem</span> <span class='ocrx_word' id='word_1_309' title='bbox 1273 3716 1308 3780; x_wconf 91' lang='lat' dir='ltr'>in</span> 
     </span>
     <span class='ocr_line' id='line_1_33' title="bbox 141 3805 1308 3917; baseline 0.001 -31"><span class='ocrx_word' id='word_1_310' title='bbox 141 3805 367 3917; x_wconf 76' lang='lat' dir='ltr'>Etymologico</span> <span class='ocrx_word' id='word_1_311' title='bbox 386 3823 434 3888; x_wconf 88' lang='lat' dir='ltr'>illi</span> <span class='ocrx_word' id='word_1_312' title='bbox 454 3824 632 3908; x_wconf 84' lang='lat' dir='ltr'>tributam),</span> <span class='ocrx_word' id='word_1_313' title='bbox 654 3828 686 3888; x_wconf 90' lang='lat' dir='ltr'>et</span> <span class='ocrx_word' id='word_1_314' title='bbox 707 3827 861 3890; x_wconf 88' lang='lat' dir='ltr'>testatum</span> <span class='ocrx_word' id='word_1_315' title='bbox 882 3825 923 3889; x_wconf 88' lang='lat' dir='ltr'>ab</span> <span class='ocrx_word' id='word_1_316' title='bbox 944 3822 999 3888; x_wconf 88' lang='lat' dir='ltr'>illa</span> <span class='ocrx_word' id='word_1_317' title='bbox 1020 3826 1153 3888; x_wconf 85' lang='lat' dir='ltr'>accentu</span> <span class='ocrx_word' id='word_1_318' title='bbox 1176 3822 1308 3888; x_wconf 89' lang='lat' dir='ltr'>distinc-</span> 
     </span>
     <span class='ocr_line' id='line_1_34' title="bbox 142 3914 1308 4016; baseline 0.001 -23"><span class='ocrx_word' id='word_1_319' title='bbox 142 3914 209 3995; x_wconf 78' lang='lat' dir='ltr'>tum</span> <span class='ocrx_word' id='word_1_320' title='bbox 234 3930 400 4014; x_wconf 90' lang='lat' dir='ltr'>proprium</span> <span class='ocrx_word' id='word_1_321' title='bbox 417 3924 583 4016; x_wconf 84' lang='grc' dir='ltr'><strong><em>Ἕξαύτηρ,</em></strong></span> <span class='ocrx_word' id='word_1_322' title='bbox 612 3931 701 3998; x_wconf 91' lang='lat' dir='ltr'>cuius</span> <span class='ocrx_word' id='word_1_323' title='bbox 728 3933 761 3996; x_wconf 90' lang='lat' dir='ltr'>et</span> <span class='ocrx_word' id='word_1_324' title='bbox 787 3930 1003 3996; x_wconf 86' lang='lat' dir='ltr'>nominativus</span> <span class='ocrx_word' id='word_1_325' title='bbox 1029 3931 1183 3996; x_wconf 90' lang='lat' dir='ltr'>mirabilis</span> <span class='ocrx_word' id='word_1_326' title='bbox 1206 3935 1254 3996; x_wconf 88' lang='lat' dir='ltr'>est</span> <span class='ocrx_word' id='word_1_327' title='bbox 1276 3934 1308 3994; x_wconf 87' lang='lat' dir='ltr'>et</span> 
     </span>
     <span class='ocr_line' id='line_1_35' title="bbox 142 4036 593 4123; baseline 0.016 -24"><span class='ocrx_word' id='word_1_328' title='bbox 142 4036 317 4102; x_wconf 85' lang='lat' dir='ltr'>mirabilior</span> <span class='ocrx_word' id='word_1_329' title='bbox 343 4036 403 4101; x_wconf 90' lang='lat' dir='ltr'>erit</span> <span class='ocrx_word' id='word_1_330' title='bbox 424 4038 593 4123; x_wconf 83' lang='lat' dir='ltr'>genitivus.</span> 
     </span>
    </p>
   </div>
   <div class='ocr_carea' id='block_1_3' title="bbox 142 4248 1305 4427">
    <p class='ocr_par' dir='ltr' id='par_1_7' title="bbox 142 4248 1305 4427">
     <span class='ocr_line' id='line_1_36' title="bbox 221 4248 1305 4340; baseline -0.003 -22"><span class='ocrx_word' id='word_1_331' title='bbox 221 4254 241 4332; x_wconf 67' lang='grc' dir='ltr'>ἓ</span> <span class='ocrx_word' id='word_1_332' title='bbox 262 4258 309 4318; x_wconf 86' lang='grc'>14.</span> <span class='ocrx_word' id='word_1_333' title='bbox 346 4248 420 4318; x_wconf 92' lang='lat' dir='ltr'>Duo</span> <span class='ocrx_word' id='word_1_334' title='bbox 442 4256 517 4317; x_wconf 89' lang='lat' dir='ltr'>sunt</span> <span class='ocrx_word' id='word_1_335' title='bbox 531 4251 707 4318; x_wconf 83' lang='lat' dir='ltr'>Aristarchi</span> <span class='ocrx_word' id='word_1_336' title='bbox 728 4253 909 4340; x_wconf 81' lang='lat' dir='ltr'>fragmenta</span> <span class='ocrx_word' id='word_1_337' title='bbox 931 4275 1013 4337; x_wconf 90' lang='lat' dir='ltr'>quae</span> <span class='ocrx_word' id='word_1_338' title='bbox 1036 4273 1095 4319; x_wconf 92' lang='lat' dir='ltr'>nos</span> <span class='ocrx_word' id='word_1_339' title='bbox 1117 4253 1157 4318; x_wconf 91' lang='lat' dir='ltr'>ad</span> <span class='ocrx_word' id='word_1_340' title='bbox 1178 4251 1305 4318; x_wconf 88' lang='lat' dir='ltr'>urbium</span> 
     </span>
     <span class='ocr_line' id='line_1_37' title="bbox 142 4357 1304 4427; baseline 0.003 -6"><span class='ocrx_word' id='word_1_341' title='bbox 142 4358 270 4424; x_wconf 89' lang='lat' dir='ltr'>nomina</span> <span class='ocrx_word' id='word_1_342' title='bbox 292 4357 419 4425; x_wconf 86' lang='lat' dir='ltr'>ducunt.</span> <span class='ocrx_word' id='word_1_343' title='bbox 460 4359 524 4425; x_wconf 83' lang='lat' dir='ltr'>Sed</span> <span class='ocrx_word' id='word_1_344' title='bbox 547 4359 585 4423; x_wconf 90' lang='lat' dir='ltr'>de</span> <span class='ocrx_word' id='word_1_345' title='bbox 605 4359 656 4424; x_wconf 91' lang='lat' dir='ltr'>his</span> <span class='ocrx_word' id='word_1_346' title='bbox 676 4382 763 4427; x_wconf 88' lang='lat' dir='ltr'>nunc</span> <span class='ocrx_word' id='word_1_347' title='bbox 782 4382 850 4425; x_wconf 91' lang='lat' dir='ltr'>non</span> <span class='ocrx_word' id='word_1_348' title='bbox 871 4361 997 4426; x_wconf 89' lang='lat' dir='ltr'>animus</span> <span class='ocrx_word' id='word_1_349' title='bbox 1020 4364 1068 4425; x_wconf 90' lang='lat' dir='ltr'>est</span> <span class='ocrx_word' id='word_1_350' title='bbox 1090 4360 1198 4425; x_wconf 85' lang='lat' dir='ltr'>omnia</span> <span class='ocrx_word' id='word_1_351' title='bbox 1219 4381 1304 4424; x_wconf 88' lang='lat' dir='ltr'>com-</span> 
     </span>
    </p>
   </div>
   <div class='ocr_carea' id='block_1_4' title="bbox 0 0 1508 4980">
    <p class='ocr_par' dir='ltr' id='par_1_8' title="bbox 0 0 1508 4980">
     <span class='ocr_line' id='line_1_38' title="bbox 0 0 1508 4980; baseline 0 1"><span class='ocrx_word' id='word_1_352' title='bbox 0 0 1508 4980; x_wconf 95' lang='lat' dir='ltr'> </span> 
     </span>
    </p>
   </div>
  </div>
 </body>
</html>
