3008 4980
235 327 276 387 44
326 317 362 373 Π.
379 315 420 371 Ι)ε
438 289 617 370 Aristarchea
633 313 832 370 vocabulorum
848 313 1057 370 Homericorum
1073 314 1314 386 interpretatione.

127 466 132 481 ⁸
234 489 442 569 veterumque
468 484 626 549 institutis
656 487 689 548 et
713 483 873 563 moribus,
908 483 947 548 de
978 484 1158 548 litteranrm
1185 483 1335 561 historia,
1364 485 1404 550 de

234 595 356 659 musica
371 592 546 658 scriberent
566 591 657 677 larga
678 613 777 655 manu
798 590 986 656 effuderunt.
1018 589 1110 671 Vide,
1130 595 1168 656 ut
1181 591 1233 656 his
1248 591 1405 676 exemplis

169 715 224 785 (52)
236 709 317 781 utar,
338 723 419 785 quae
434 699 623 765 Aristoteles
636 699 671 762 in
685 698 806 783 politiis
828 698 973 764 docuerit
993 699 1032 764 de
1054 690 1145 777 ίίναξ,
1165 691 1296 785 πρίλις,
1320 703 1404 786 πυῤ-

235 805 307 894 ῥίχη
328 811 370 894 (p.
391 813 471 893 125),
490 806 609 887 χλαῖνα
631 811 664 872 et
683 803 808 886 χλαμίς
823 808 917 889 (131),
938 797 1140 891 ἅχάνη(144.
1158 811 1237 890 153),
1257 809 1405 889 νοῦμμος

235 919 333 1002 (150),
367 920 400 982 et
424 919 462 980 ut
487 916 522 980 in
549 914 611 980 hoc
639 914 681 979 ad
706 915 893 980 utilissimas
919 914 1158 980 observationes
1178 917 1404 1000 grammaticas

235 1027 348 1090 ductus
362 1023 468 1105 fuerit,
482 1022 532 1088 vel
546 1023 609 1087 hoc
622 1023 759 1107 probare
772 1025 882 1107 potest
892 1021 1052 1088 Athenaei
1064 1021 1110 1087 XI
1123 1047 1155 1108 p.
1171 1022 1255 1093 499(1
1275 1022 1403 1104 (Naum

232 1158 264 1218 p.
289 1135 358 1217 116)
377 1124 607 1216 Ἀριστοτέλης
632 1125 667 1193 ἓν
686 1131 726 1218 τῇ
751 1128 924 1194 Θετταλῶν
944 1125 1101 1216 πολιτείᾳ
1125 1129 1282 1216 θηλυκῶς
1308 1127 1403 1216 λέγε.

233 1234 321 1305 σθαί
341 1261 443 1326 φησιν
462 1232 531 1304 ὑπὸ
557 1236 730 1302 Θετταλῶν
755 1234 815 1322 τὴν
842 1230 993 1321 λάγυνον.
1029 1238 1169 1304 Omnino
1190 1240 1225 1304 in
1247 1241 1403 1325 cuiusque

235 1349 362 1436 generis
390 1348 516 1433 scriptis
541 1347 621 1411 haec
652 1346 762 1411 schola
789 1346 919 1411 doctum
947 1348 987 1412 ab
1018 1347 1211 1430 antiquitate
1237 1353 1270 1413 et
1295 1371 1404 1414 rerum

234 1457 467 1539 verborumque
494 1454 680 1541 cognitione
702 1454 843 1520 colorem
870 1453 1053 1538 quaerebat.
1089 1453 1143 1520 Sic
1170 1455 1279 1539 plures
1302 1457 1403 1540 scrip-

234 1567 345 1629 serunt
370 1560 446 1646 περί
472 1558 591 1647 μέθης.
640 1561 800 1626 Athenaei
820 1561 1001 1647 fragmenta
1026 1562 1157 1641 docent,
1188 1562 1222 1626 hi
1254 1562 1329 1627 libri
1362 1565 1403 1629 ad

233 1671 472 1756 philosophiam
486 1669 642 1734 moralem
662 1670 860 1753 pertinentes
882 1673 1038 1753 quantum
1060 1671 1101 1735 ad
1121 1670 1349 1754 antiquitatem
1369 1674 1404 1736 et

234 1801 414 1844 sermonem
434 1777 660 1842 illustrandum
681 1776 855 1840 attulerint.
897 1778 948 1843 Ab
964 1776 1188 1862 Theophrasto
1212 1779 1326 1862 (pauca
1344 1800 1402 1862 ap-

233 1909 320 1971 pono
350 1885 534 1969 speciminis
562 1886 669 1968 causa)
698 1875 877 1969 ζωρότερον
905 1882 1014 1949 πίνειν
1040 1884 1240 1950 illustratum
1262 1907 1301 1950 ex
1322 1885 1402 1950 Em·

233 1992 368 2078 peducle
388 1992 496 2076 (423f),
517 2015 537 2056 a
555 1992 804 2058 Chamaeleonte
827 1994 917 2075 (item
934 1994 969 2057 in
983 1993 1066 2058 libro
1087 1988 1165 2073 περὶ
1183 1988 1304 2079 μέθης)
1326 1989 1402 2058 ἐπι-

232 2096 404 2178 σκυθίζειν
419 2103 491 2183 (427
497 2098 538 2184 b).
560 2101 648 2166 Haec
660 2101 824 2186 egregiam
839 2102 1049 2166 continebant
1057 2101 1267 2166 Alexandrini
1280 2101 1401 2168 laboris

232 2209 400 2274 materiam
428 2231 645 2294 operosaeque
674 2210 837 2275 doctrinae
865 2209 958 2273 initia
988 2213 1020 2273 et
1048 2209 1202 2294 exempla.
1253 2209 1324 2274 Hac
1349 2211 1402 2275 via

232 2318 395 2402 progressi
407 2317 614 2382 Alexandrini
630 2317 805 2400 dispersam
820 2317 999 2382 doctrinam
1013 2317 1222 2402 collegerunt,
1235 2321 1403 2400 auxerunt,

233 2424 442 2508 scriptoribus
469 2424 665 2510 explicandis
691 2425 916 2491 adhibuerunt.
967 2424 1152 2490 Glossarum
1181 2425 1323 2490 studium
1361 2448 1399 2490 eo

233 2535 378 2615 tempore
405 2536 471 2596 tam
492 2533 608 2618 viguit,
632 2535 670 2595 ut
695 2532 864 2597 acomicis
890 2533 1018 2596 irrisum
1045 2533 1095 2597 sit.
1136 2532 1265 2597 Inducit
1291 2532 1400 2598 Strato

233 2641 364 2722 (Athen.
386 2639 431 2704 IX
452 2641 525 2723 382)
549 2661 662 2705 cocum
688 2639 771 2703 nihil
791 2640 853 2703 nisi
874 2662 932 2724 per
954 2641 1079 2727 glossas
1102 2640 1277 2720 dicentem,
1306 2663 1402 2725 quem

232 2748 329 2813 herus
349 2751 415 2812 tam
436 2769 469 2811 se
491 2768 555 2811 non
577 2746 760 2834 intelligere
782 2749 989 2832 conqueritur
1089 2743 1173 2812 ῶστε
1193 2771 1235 2829 με

352 2943 353 2946 ¹
377 2858 442 2918 τῶν
461 2857 520 2918 τοῦ
544 2852 673 2939 Φιλητᾶ
694 2847 909 2938 λαμβάνοντα
929 2851 1072 2939 βιβλίων

377 2963 514 3027 σκοπεῖν
536 2957 674 3027 ἕκαστον
693 2956 727 3026 τί
747 2955 884 3028 δυ’ναται
904 2965 970 3028 τῶν
989 2955 1152 3048 ῥημίτων.

233 3071 264 3137 Is
290 3071 433 3136 Philetas
462 3071 547 3138 Cous
576 3073 699 3157 primus
724 3072 785 3139 hac
806 3076 910 3138 aetate
939 3071 1064 3158 glossas
1090 3071 1218 3155 scripsit
1242 3069 1403 3152 (γλῶσσαι

234 3170 397 3263 director)
428 3178 642 3244 Callimachus
664 3176 801 3258 ἐθνικὰς
826 3174 1009 3262 ὀνομασίας
1030 3180 1183 3263 (Athen),
1206 3179 1402 3264 collegitque

232 3286 317 3351 idem
333 3287 456 3373 glossas
470 3287 647 3352 Democriti
667 3280 783 3369 (πίναξ
793 3290 859 3353 τῶν
872 3281 1084 3374 Δημοκρίτου
1105 3286 1268 3371 γλωσσῶν,
1289 3286 1402 3370 suia).

232 3393 315 3459 ltem
341 3395 394 3458 alii
421 3395 456 3458 in
483 3395 594 3459 eadam
618 3418 716 3481 opera
735 3396 943 3475 desudarunt,
966 3420 992 3461 e.
1014 3417 1043 3481 g.
1064 3395 1147 3461 lster
1167 3394 1402 3462 Callimacheus

234 3503 335 3567 edidit
356 3497 460 3581 λέξεις
478 3497 628 3578 Ἀττικάς
644 3503 747 3584 (Eust.
773 3510 851 3572 1627
856 3508 952 3587 ,,14),
975 3504 1150 3588 Dionysius
1171 3502 1301 3568 Iambus
1326 3499 1405 3586 περί

235 3604 419 3674 διαλέκτων
440 3610 555 3693 (Ath.),
584 3612 818 3696 Aristophanes
846 3608 994 3694 γλώσσας
1016 3615 1048 3676 et
1078 3611 1215 3676 alterum
1237 3632 1318 3696 opus
1339 3611 1403 3676 huc

233 3717 406 3800 pertinens,
427 3720 518 3784 cuius
531 3723 639 3804 partes
653 3720 802 3785 novimus
815 3717 892 3804 περὶ
904 3712 1047 3805 ἡλικιῶν
1061 3723 1094 3785 et
1108 3713 1291 3804 συγγενικά,
1306 3719 1402 3784 Anti·

234 3847 340 3911 gonus
355 3826 517 3910 Carystius
532 3823 609 3907 περὶ
622 3822 743 3909 λέξεως
757 3827 866 3912 (Ath.),
885 3828 1019 3894 Polemo
1036 3823 1112 3912 περὶ
1131 3820 1302 3910 ὀνομάτων
1317 3819 1402 3893 ddo'·

168 3955 223 4028 (53)
235 3931 299 4010 ξων
321 3928 481 4020 ἐπιστολή
503 3936 592 4018 (Ath.
614 3937 720 4019 40911).
756 3937 978 4001 Artemidorus
993 3935 1246 4022 Aristophaneus
1268 3936 1308 4017 (si
1329 3936 1402 4021 qui·

185 4057 218 4108 44
236 4040 309 4105 dem
322 4041 351 4105 is
364 4041 404 4105 ad
417 4042 501 4107 hanc
522 4046 659 4108 aetatem
679 4044 830 4129 pertinet)
853 4036 1077 4132 ὀψαρτυτικὰς
1097 4035 1248 4128 γλῶσσας
1271 4047 1305 4109 et
1325 4041 1404 4128 περὶ

234 4141 388 4230 Δωρίδος
409 4150 522 4235 (Ath.).
556 4150 625 4217 Iam
651 4152 748 4217 etiam
772 4151 889 4217 medici
912 4152 1173 4238 grammaticique
1194 4151 1401 4236 Hippocratis

236 4257 360 4343 glossas
386 4281 573 4344 percensere
595 4262 778 4345 coeperunt.
822 4259 914 4324 Certe
937 4263 1011 4325 ante
1035 4259 1255 4325 Aristarchum
1276 4259 1401 4343 glossas

236 4367 467 4452 Hippocrateas
498 4368 626 4452 scripsit
650 4367 848 4451 Herophilus
875 4368 998 4451 (Galen.
1025 4366 1124 4452 praef.
1151 4389 1218 4431 voc.
1245 4367 1342 4452 Hipp.
1367 4391 1398 4452 p.
