3046 4980
287 336 329 392 De
346 336 551 393 commentariis
568 336 684 408 Apionis
701 340 731 393 et
747 337 883 393 Herodori
900 337 1013 393 nomine
1030 336 1178 409 inscriptis.
1254 343 1315 406 367

146 493 220 569 οἷον
238 495 504 591 ,,Ἕλλήσποντσς
521 498 711 590 σίγόῤῥοσςίί
753 498 896 570 εἰλεῦντο
922 497 1152 592 sationem&
1184 497 1316 593 ,,ἆψοῤ-

144 608 202 677 καὶ
215 604 319 699 »στήῃ
334 604 386 676 ἐπ’
400 603 537 699 ὠκυρόῳ
549 615 712 698 ποταμῶίί
752 608 832 695 ῥόου
862 605 1068 697 Ὠκεανοῖοίί,
1100 607 1250 688 σπανίως
1280 605 1317 675 δέ

145 715 202 784 καὶ
222 714 280 804 „ig
304 716 457 802 ποταμὸν
483 713 626 786 εἰλεῦντο
648 724 712 803 βα·
752 717 790 785 τὸ
827 715 952 804 ἕτερον·
991 714 1211 805 ηχειμόρῥους
1244 709 1314 781 κατ’

145 819 323 912 θόῤῥουνίί,
351 821 501 904 σπανίως
529 824 565 892 δέ
591 825 647 893 καί
672 826 710 893 τὸ
754 818 1318 916 όρεσφινόπαζεν“,,,ποταμῶπλή-

145 926 709 1020 συνηλειμμὲυον·,,χειμοίῤῥουςκατ’
753 938 853 1001 θοντι
891 930 1009 1011 έοικῶς
1037 928 1237 1019 χειμόῤῥῳίί.
1278 929 1316 995 τὸ

146 1033 292 1127 όρεσφιίί
309 1038 367 1107 καί
381 1037 578 1129 ,πλήθοντι
592 1039 712 1121 ἒοικῶς
751 1039 867 1125 μέντοι
893 1063 929 1126 γε
957 1037 1087 1108 ἁπλοῦν
1109 1033 1162 1106 cisi
1184 1035 1318 1114 ἐντελῶς

143 1141 347 1235 χειμόῤῥῳιί.
520 1213 524 1221 ,
754 1143 982 1238 ἀποφαίνεται
1000 1142 1088 1235 ῥόος.

144 1258 298 1323 Attamen
319 1258 430 1323 statim
451 1258 778 1344 pergitEustathius:
799 1250 817 1323 ὁ
838 1253 875 1322 δέ
887 1252 1097 1341 Ἡρωδιανὸς
1118 1247 1262 1339 ἑτεροῖόν
1284 1277 1316 1319 τι

146 1360 249 1448 λέγετε
281 1387 364 1449 quae
391 1366 515 1432 addidit
541 1367 629 1433 aliud
650 1366 827 1432 Herodieni
848 1388 930 1451 opus
949 1364 1130 1450 inspiciens.
1173 1360 1257 1429 Sunt
1278 1361 1317 1427 de

144 1467 322 1557 χείμαρρος
335 1476 369 1539 ot
387 1465 586 1557 χειμόῤῥους
605 1475 761 1553 universe,
782 1495 848 1538 non
871 1473 910 1539 de
931 1495 992 1539 usu
1006 1471 1190 1549 Homerico,
1213 1492 1317 1554 neque

145 1579 186 1645 iis
212 1601 294 1664 quse
325 1579 366 1645 ad
386 1580 564 1647 Homerum
594 1585 708 1648 notato
732 1585 808 1647 sunt
835 1581 967 1646 obstant
992 1583 1109 1664 (neque
1129 1577 1193 1643 hoc
1214 1576 1318 1642 voluit

146 1686 337 1753 Enstethius
353 1688 460 1753 dicens
476 1682 640 1773 ἑτεροῖον).
678 1690 803 1756 Eodem
823 1689 919 1754 modo
940 1712 972 1774 p.
994 1693 1053 1754 341
1077 1685 1317 1751 duumvirorum

146 1793 271 1860 scilicet
290 1798 368 1860 nota
388 1797 509 1881 posite,
535 1819 616 1882 quse
639 1797 817 1864 Herodioni
838 1800 901 1876 est,
932 1795 1021 1860 dicit:
1049 1787 1259 1879 Ἡρωδιανὸς
1280 1786 1316 1855 δέ
1328 1802 1399 1875 (391)

148 1893 261 1979 αὐτοῖς
280 1901 576 1986 συνδιαγνωμονῶν
599 1900 688 1989 λέγει
696 1906 750 1969 ²⁶¹.
775 1931 780 1942 ·

228 2008 318 2096 Ergo
340 2010 517 2077 Herodiani
546 2017 643 2079 notae
671 2012 908 2080 commentariis
933 2010 1093 2076 Herodori
1120 2015 1153 2076 et
1173 2009 1318 2094 Apionis,

149 2117 266 2202 quibus
285 2117 378 2185 Eust.
398 2141 475 2185 usus
498 2124 555 2200 est,
577 2121 835 2189 continebantur.
870 2119 953 2185 Item
974 2117 1164 2185 Aristonici:

212 2225 304 2292 Eust.
326 2229 356 2289 B
379 2232 438 2295 809
459 2250 489 2312 p.
513 2233 582 2307 350,
604 2234 644 2297 30
898 2226 1040 2292 Ariston.
1065 2229 1092 2288 B
1114 2231 1174 2294 809

149 2325 258 2398 ἰστέον
295 2329 331 2397 δέ
368 2328 420 2399 ὅτι
455 2331 490 2398 ἐν
523 2338 570 2420 τῶ
606 2339 714 2402 πᾶσαι
754 2338 864 2401 πᾶσαι
886 2333 923 2407 δέ
947 2326 1105 2419 ῶΐγνυντο
1135 2324 1257 2396 πόλοι·
1284 2323 1316 2416 (ἡ

148 2432 256 2504 πόλαι
291 2437 393 2527 φασίν
424 2436 618 2527 Ἡρόδωρος
657 2441 714 2509 καί
755 2442 873 2529 διπλῆ)
901 2437 954 2508 ότι
979 2435 1125 2529 έμφασιν
1146 2433 1213 2519 ἔγρεο
1233 2436 1319 2505 πολ-

145 2539 274 2612 Ἆπίων
303 2543 357 2614 ότι
389 2543 535 2635 ἔμφασιν
561 2546 623 2633 μέν
647 2545 713 2632 diget
755 2552 822 2615 λῶν
842 2548 971 2627 πυλῶν,
998 2542 1061 2630 μία
1090 2541 1128 2612 δέ
1150 2542 1234 2612 ἐστι·
1263 2542 1320 2610 καί

148 2654 285 2721 πολλῶν
311 2655 441 2735 πυλῶν,
474 2653 536 2739 μία
563 2655 602 2723 δέ
629 2654 712 2723 ἐστι·
755 2653 887 2724 ἔστιτὸ
913 2658 1025 2721 πᾶσαι
1052 2647 1125 2721 ἀντὶ
1149 2657 1209 2719 τοῦ
1231 2648 1319 2721 ὅλαι.

148 2760 205 2829 καί
237 2758 290 2829 ὅτι
322 2756 392 2829 ἔστι
424 2761 462 2831 sd
498 2772 606 2831 πᾶσαι
641 2760 714 2833 ἀντὶ
790 2788 794 2799 ’

148 2873 207 2936 τοῦ
228 2866 317 2940 όλαι.

220 3062 311 3130 Eust.
332 3066 363 3126 Β
381 3071 441 3133 599
463 3088 493 3150 p.
517 3071 586 3146 299,
608 3072 647 3134 25
900 3064 1044 3130 Ariston.
1066 3064 1096 3125 Β
1115 3068 1174 3131 599
1336 3079 1386 3130 374

151 3161 259 3235 ίστέον
289 3167 326 3235 δέ
355 3165 407 3236 ὅτι
434 3169 469 3236 ἒν
495 3175 565 3248 τοῖς
586 3165 715 3236 Ἀπίω-
757 3164 788 3258 (ἡ
806 3169 925 3258 διπλῇ)
941 3166 993 3238 ὅτι
1009 3164 1115 3256 πυρόν
1135 3160 1173 3234 οὐ
1194 3164 1321 3253 τυφλὸν

151 3273 481 3365 νοςκαίἩροδῶρου
503 3276 641 3368 φέρεται
663 3274 715 3345 ὅτι
758 3271 963 3356 ἀπεδέξαντο
988 3270 1021 3342 oi
1044 3270 1207 3359 vocisonos,
1233 3266 1319 3339 ἀλλὰ

150 3382 257 3471 πηρὸν
272 3382 419 3450 ἐνταῦθα
436 3378 454 3453 ὃ
472 3385 616 3474 ποιητὴς
630 3384 715 3451 κατὰ
756 3387 816 3471 τῆς
841 3376 930 3472 ᾠδῆς
955 3378 1073 3471 πυρόν.
1124 3378 1157 3447 τί
1188 3380 1249 3467 γὰρ
1279 3371 1320 3468 ἦν

151 3490 228 3570 τοὺς
259 3490 437 3580 νεωτέρους
460 3492 517 3560 τὸν
541 3487 601 3581 τῆς
627 3487 716 3581 ᾠδῆς
758 3486 848 3578 αὐτῷ
862 3489 1027 3575 βλαβερὸν
1038 3491 1223 3578 κιθαρῳδῷ
1238 3481 1318 3566 όντι,

151 3595 353 3687 πηρωθέντα
368 3596 466 3686 λέγει.
486 3597 520 3666 τί
530 3596 602 3687 γόρ,
618 3597 712 3689 φασί,
758 3592 788 3664 εί
816 3601 882 3664 τῶν
914 3593 1106 3688 ὀφθαλμῶν
1139 3592 1320 3685 έστερήθρς

152 3706 315 3796 βλαβερὸν
341 3711 387 3794 τῶ
418 3704 586 3793 Θαμύριδι
611 3712 715 3776 κιθα-
756 3705 886 3790 μᾶλλον
925 3705 986 3794 γὰρ
1026 3692 1245 3793 προσεκτικὸς
1281 3696 1321 3769 it

152 3815 250 3902 ριγδῶ
271 3808 356 3896 όντι,
387 3809 417 3880 εί
437 3820 502 3881 τῶν
524 3809 716 3904 ὀφθαλμῶν
758 3810 884 3899 ἐγένετο
915 3818 955 3906 τῇ
981 3809 1166 3903 φωνασκίρι.
1206 3811 1261 3880 τόν
1285 3836 1322 3898 γε

218 4058 368 4117 261Φ232
393 4063 460 4117 noto
482 4064 524 4116 est
545 4060 576 4114 in
598 4058 709 4114 scholiis
731 4059 765 4115 de
788 4053 850 4130 ὀψὲ
872 4053 957 4115 δυ’ων.
993 4058 1044 4114 Oui
1061 4058 1090 4114 in
1108 4058 1163 4113 fine
1181 4058 1320 4112 additum:

65 4202 68 4211 y
152 4149 245 4200 ταῦτα
264 4134 473 4218 δἩρωδιανδς
490 4142 522 4200 ἐν
536 4141 575 4214 ’τῇ
594 4137 632 4199 ιθ’
650 4149 701 4214 τῆς
716 4137 857 4200 καθόλου.
886 4141 962 4202 Eunt.
980 4143 1017 4199 ib.
1036 4162 1063 4214 p.
1078 4148 1151 4210 1295,
1170 4150 1185 4198 5
1203 4143 1321 4199 eandem

155 4229 253 4282 notam
264 4229 358 4298 posuit
369 4229 420 4284 sub
433 4228 569 4285 Herodori
581 4230 610 4283 ct
621 4227 739 4298 Apionis
749 4228 870 4285 nomine.
888 4228 961 4300 Ergo
978 4228 1028 4282 ills
1039 4228 1125 4283 verba
1137 4231 1245 4294 ,,ταῦτα
1258 4270 1265 4285 .
1278 4270 1285 4285 .
1297 4235 1319 4284 .“

153 4311 184 4365 in
201 4312 249 4367 illo
271 4329 327 4383 quo
350 4332 414 4370 usus
432 4317 474 4369 est
491 4313 618 4383 exemplo
640 4311 750 4368 adiecto
767 4331 824 4369 non
842 4317 920 4370 erent
937 4317 987 4369 out
1003 4314 1073 4369 haec
1092 4311 1177 4368 etism
1195 4310 1320 4367 incursu

152 4397 282 4466 neglexit.
