3008 4980
213 327 274 409 aaa
659 336 707 391 1v.
731 334 773 390 oe
790 334 929 405 prosodia.

149 510 196 562 30⁰
214 505 306 570 fulcit
327 504 542 581 Herodianus;
570 503 811 569 Aristarcheum
831 501 974 567 defendit
998 518 1056 586 per
1075 501 1319 584 metaplasmum
1338 523 1371 567 er

214 609 324 700 ἐνωπῇ
344 605 437 694 (ὡσεί
461 633 495 674 τι
521 607 624 675 κακὸν
645 592 936 695 ῥέζονσανένωπῇ
955 609 985 670 Ε
1005 610 1087 692 374).
1134 606 1308 692 Utcunque
1326 603 1371 671 ἓν-

214 721 292 784 aaa
318 718 457 803 explicas
482 740 549 783 non
573 717 699 782 videtur
728 716 790 782 alio
822 716 894 781 loco
925 714 1044 779 habere
1072 724 1169 799 posse
1201 718 1371 792 accentum

213 828 288 893 inde
311 828 500 907 κατενῶπα,
523 824 611 908 quod
631 824 678 890 sic
699 822 902 888 scribendum
923 822 988 888 sive
1011 815 1123 886 ἐνῶπα
1145 818 1372 887 substantivum

176 927 179 934 ’
214 938 272 1011 eat,
295 933 361 998 sive
384 932 484 1016 (quod
498 952 559 1016 ego
581 918 674 1015 puto)
696 928 889 1008 adverbium,
910 932 948 994 ut
966 931 1123 1005 καταῦθι,
1145 923 1289 1004 ἐσαῦθις
1308 929 1371 1010 (κα-

212 1032 304 1123 vead,
326 1031 507 1124 ἀποτηλοῦ,
532 1032 629 1120 ἐξέτι)
650 1058 716 1101 non
735 1035 854 1101 reiecto
876 1035 1076 1103 accentum.
1110 1034 1284 1101 Paradosis
1304 1054 1372 1100 con·

215 1168 327 1212 sensus
347 1149 484 1211 testatus
509 1145 548 1210 de
576 1137 726 1229 λικριφίς
746 1138 779 1211 Ξ
797 1146 866 1209 463.
909 1140 1113 1228 διαμετρητῷ
1141 1146 1171 1205 Γ
1188 1147 1251 1209 344
1278 1133 1373 1226 (Ἀρί-

215 1272 352 1336 σταρχος
377 1254 527 1338 περισπᾷ
553 1248 610 1314 καὶ
632 1243 664 1315 οἳ
686 1241 798 1313 ἄλλοι·
829 1243 886 1312 καὶ
912 1243 1015 1324 οὕτως
1040 1243 1107 1328 ἄρτι
1127 1242 1149 1335 ’ἡ
1171 1241 1373 1330 nepotata).

213 1359 263 1425 De
284 1352 404 1444 πινυτή
428 1361 468 1421 Η
485 1357 618 1441 18911.
641 1349 751 1441 ὀνοτή.
773 1359 835 1421 -i
857 1351 978 1441 γενετή.
1002 1349 1125 1441 ἀρετή).
1157 1355 1209 1422 Do
1231 1347 1375 1441 ὦμηοτής

216 1467 314 1550 (quod
329 1465 491 1549 Tyrannio
506 1465 635 1530 volebat
650 1456 803 1549 ὥμήστης
817 1466 849 1528 et
869 1484 928 1548 pro
951 1484 1091 1548 compos.
1111 1462 1228 1527 habuit
1249 1464 1291 1527 ab
1304 1456 1374 1544 tto)

216 1577 251 1635 X
270 1579 320 1641 67.
349 1563 386 1637 ci.
407 1575 447 1636 A
468 1577 536 1640 454.
568 1572 598 1634 Ω
620 1577 669 1639 82.
715 1568 791 1635 Non
818 1591 890 1635 raro
922 1570 1099 1634 etiamnum
1123 1584 1295 1634 occurrens
1315 1589 1374 1634 voc.

215 1679 370 1763 scriptum
390 1682 558 1764 oxytonos.
600 1677 660 1759 (cf.
684 1669 864 1762 ἀλκηστής,
895 1671 1091 1762 τινχηστής.)
1130 1674 1202 1740 Nec
1221 1676 1288 1740 iam
1307 1677 1375 1760 post

216 1809 253 1852 ea
276 1808 358 1870 quae
380 1808 400 1849 a
419 1784 513 1850 nobis
536 1806 632 1868 supra
653 1784 816 1868 disputata
836 1786 913 1849 sunt
931 1786 1043 1867 potest
1067 1783 1207 1866 suspicio
1230 1802 1301 1848 esse
1322 1780 1376 1868 δῆ-

215 1915 278 1972 μος
304 1897 338 1959 et
359 1887 464 1976 δημός
488 1895 615 1956 tantum
642 1890 858 1974 distinguendi
883 1904 979 1955 causa
1000 1889 1042 1954 ab
1063 1902 1102 1954 eo
1122 1889 1292 1954 inductum
1313 1908 1376 1955 esse

216 2001 261 2083 (Θ
288 2005 357 2067 240.
401 1997 448 2064 of.
474 2000 517 2059 M
540 2001 610 2064 213.
644 1996 736 2062 Euat.
765 2003 838 2074 710,
866 1995 926 2079 59).
969 1994 1040 2061 Nec
1067 1995 1152 2060 hanc
1184 1997 1226 2062 ob
1255 2018 1376 2062 causam

114 2183 117 2187 ,
216 2098 361 2190 ἄκμηνός
387 2109 421 2171 et
445 2097 590 2187 ἄκμηνος
615 2103 717 2185 (Euat.
741 2104 965 2187 1111119111.
989 2108 1081 2180 1944,
1103 2107 1153 2170 38.
1180 2102 1282 2168 schol.
1308 2103 1338 2168 h.
1360 2103 1376 2167 l

216 2216 248 2277 et
264 2211 318 2278 Et.
340 2211 383 2279 M.
404 2235 434 2296 p.
457 2218 509 2290 49,
535 2216 588 2290 30,
618 2211 674 2295 qui
695 2214 803 2275 tamen
823 2208 915 2274 locus
936 2208 1085 2274 turbatus
1114 2209 1240 2291 esum
1266 2234 1308 2257 -·-
1332 2208 1376 2274 De

215 2311 440 2401 ὀνομάκλυτος
465 2341 532 2384 non
553 2318 679 2382 videtur
707 2317 888 2382 dubitatum
916 2338 985 2382 esse
1007 2317 1054 2399 (X
1075 2323 1124 2384 51.
1167 2319 1202 2379 K
1225 2323 1293 2385 109.
1329 2308 1377 2382 llt

215 2426 259 2494 M.
281 2428 362 2509 215).
397 2425 518 2492 Contra
535 2426 569 2489 in
587 2419 727 2507 ἄστρασι
749 2424 801 2506 (de
814 2422 965 2507 paradosi
978 2443 1045 2488 non
1065 2423 1231 2508 traditum)
1253 2423 1378 2508 plurimi

216 2537 249 2599 et
268 2533 337 2617 ipse
352 2533 554 2598 Herodianus
568 2532 732 2597 malebant
748 2524 888 2613 ἄστρασι
910 2530 959 2610 (ut
973 2523 1098 2612 ἔγκασι,
1121 2525 1291 2614 πρόβασι),
1312 2550 1378 2596 eum

218 2640 423 2705 Aristarchus
444 2640 649 2724 praetulisset
671 2630 811 2722 ἀστράσι
831 2629 903 2716 „og
923 2630 1096 2720 πατράσι“
1115 2643 1153 2702 X
1168 2642 1219 2707 28.
1261 2637 1380 2704 Vereor

215 2770 256 2812 ne
277 2748 383 2812 minus
404 2749 490 2811 recte
511 2746 573 2811 illi:
603 2768 679 2811 nam
699 2739 835 2828 ἔγκατα,
858 2737 1013 2830 πρόβατα
1032 2745 1171 2830 speeiem
1191 2746 1308 2812 tertiae
1329 2746 1379 2810 de*

135 2856 205 2927 (312)
218 2854 399 2920 clinationis
420 2845 549 2918 hahent.
583 2845 796 2934 Προσώπασι
809 2853 945 2918 similius
959 2856 1017 2931 est,
1039 2854 1128 2937 quod
1147 2856 1258 2918 tamen
1279 2835 1380 2937 ipsum

215 2960 337 3025 iamin
363 2959 561 3024 nominativo
589 2960 783 3024 declinatum
806 2952 1024 3040 προσώπατα.
1045 2997 1087 3006 -
1106 2958 1145 3024 ln
1172 2954 1307 3043 ἐρύουσι
1325 2974 1380 3044 pro

215 3067 324 3132 futuro
343 3066 383 3131 ab
397 3065 585 3132 Aristarcho
607 3071 746 3132 erratum
768 3088 837 3131 esse
857 3065 951 3131 facile
971 3066 1192 3132 concesserim,
1226 3066 1380 3132 Hetodia·

216 3197 276 3240 nus
300 3175 387 3240 idem
412 3174 572 3257 sequitur,
600 3173 791 3239 Alexionem
818 3174 874 3257 qui
899 3168 1030 3254 ἒρνοῦσι
1054 3172 1202 3239 voluerat
1222 3173 1380 3239 romans:

216 3302 366 3366 praesens
386 3279 463 3345 dicit
479 3301 537 3364 pro
556 3280 665 3345 futuro
686 3280 843 3364 positum,
865 3275 1030 3368 ἐναλλαγῇ
1048 3273 1180 3363 χρόνων.
1216 3279 1315 3358 Quod
1333 3280 1382 3345 11·-

217 3388 334 3453 dicium
353 3408 459 3452 erroro
483 3387 568 3472 apud
588 3391 712 3453 veteres
733 3388 959 3473 grammaticos
982 3387 1172 3473 pervulgato
1194 3387 1304 3452 nisum
1324 3406 1384 3452 nec

152 3505 197 3555 301
218 3496 258 3560 ab
272 3493 458 3560 Aristarcho
479 3494 620 3560 alienum
640 3495 818 3578 putandum
840 3495 915 3560 seio.
953 3487 1043 3579 Ergo
1064 3494 1146 3560 siin
1167 3494 1229 3558 hac
1248 3515 1285 3559 re
1305 3492 1387 3558 nihil

282 3695 320 3737 21⁰
336 3693 451 3764 Legitur
462 3692 502 3748 sio
513 3688 621 3748 ἐσάντα
640 3685 711 3746 ἰδών
728 3697 815 3756 05³2,
834 3691 909 3760 qnod
927 3691 996 3761 quid
1013 3690 1126 3746 differat
1143 3692 1179 3745 ab
1198 3685 1318 3757 ἄναντα,
1335 3689 1383 3746 κά·

216 3796 314 3843 ταντα,
331 3771 464 3848 πάραντα
480 3774 563 3831 facile
581 3778 623 3831 est
638 3775 743 3841 videre,
761 3775 830 3846 quid
848 3776 884 3830 ab
903 3770 1010 3831 ἄναντα
1028 3772 1176 3830 difficilius.

282 3864 320 3906 2¹⁷
340 3849 466 3931 ἄκμηνὸς
477 3862 514 3916 ab
533 3860 608 3930 ἀκμή
625 3865 708 3930 arar
727 3876 784 3916 non
801 3862 896 3931 potest
913 3859 1029 3916 dubium
1046 3875 1112 3916 esse.
1139 3856 1174 3923 „d
1189 3859 1249 3928 ydra
1267 3852 1316 3914 διὰ
1333 3863 1383 3915 τοῦ

219 3948 287 4015 ηνος
302 3939 397 4010 τύπος
409 3948 465 4015 ’τὴν
483 3939 583 4010 ὀξεῖαν
600 3947 707 4000 ποθοῦ*
724 3943 815 4014 Etym.
828 3946 863 4002 M.
882 3949 937 4015 (49,
955 3945 1010 4013 38).
1034 3942 1110 4010 Quid
1127 3943 1204 4012 quod
1220 3942 1266 3997 vel
1284 3936 1385 4011 ἀμενη-

219 4021 270 4093 νός
291 4029 348 4099 (eui
374 4025 502 4098 ἀκμηνός
524 4027 679 4097 comparari
701 4028 795 4095 debet)
818 4031 959 4098 oxytmon
982 4030 1036 4094 est,
1068 4044 1239 4098 quamquam
1261 4026 1384 4082 litteram

219 4113 388 4184 privativam
404 4110 510 4168 habet?
531 4143 557 4152 —
578 4111 722 4177 Quomodo
738 4111 769 4167 in
786 4115 905 4182 utroque
924 4110 1040 4182 qnidam
1057 4108 1201 4182 potuerint
1218 4126 1384 4180 proparoxy·

218 4197 328 4253 tonesin
345 4195 485 4266 requirere
502 4197 549 4268 (ne
566 4196 832 4267 properispomenon
843 4196 945 4266 dicam)
964 4212 1021 4252 non
1039 4195 1175 4266 intelligo.
1204 4194 1234 4250 Si
1252 4195 1321 4265 qnid
1337 4195 1386 4248 du·

219 4280 305 4336 bitari
322 4280 438 4346 licebat,
460 4280 576 4344 licebat,
601 4297 637 4335 an
660 4279 745 4335 etiam
765 4275 894 4350 ἄκμηνος
915 4296 967 4350 pro
989 4275 1132 4351 ἄνἰνστος
1148 4279 1242 4350 potins
1259 4271 1385 4348 ἄτμηνᾶ

219 4365 262 4421 sit.
280 4396 313 4406 -
330 4360 453 4434 ἄκμηνοι
470 4365 522 4420 καὶ
537 4359 665 4419 ἄπαστοι
675 4363 803 4434 Apollon.
816 4363 868 4421 Rh.
880 4363 920 4418 IV
934 4367 1007 4422 1295.
1027 4359 1158 4434 ἄκμηνος
1171 4363 1298 4433 δόρποιο
1310 4360 1382 4418 Suid.
