3046 4980
556 1172 559 1177 ’
602 1175 903 1292 Dissertatio
941 1177 1027 1289 IH.

290 1419 358 1500 De
391 1420 668 1527 explicatione
705 1429 854 1528 poetae
894 1427 1099 1528 quatenus
1133 1419 1288 1528 pendet
1317 1447 1341 1497 a

435 1560 607 1641 scientia
641 1560 899 1667 antiquitatis
929 1557 1191 1642 Homericae.

314 1946 379 2013 Tot
392 1946 621 2012 vocabulorum
635 1967 696 2010 usu
710 1944 882 2011 Homerico
898 1946 1133 2012 accuratissime
1153 1948 1285 2031 cognito
1308 1948 1400 2032 quasi

232 2058 482 2121 instrumentum
516 2053 577 2118 sibi
605 2058 773 2138 paraverat
802 2052 1029 2139 grammaticus
1058 2054 1342 2121 excellentissimus
1368 2059 1401 2120 et

235 2165 276 2229 ad
292 2163 388 2229 crisin
403 2162 610 2228 exercendam
629 2164 662 2225 et
682 2161 723 2227 ad
744 2161 970 2246 antiquitatem
983 2160 1187 2228 Homericam
1208 2185 1400 2248 pemosoen·

236 2273 323 2348 dam,
353 2293 434 2355 quae
463 2268 597 2334 scientia
623 2268 773 2333 camilla
798 2266 973 2333 arctissime
1000 2269 1171 2335 coniuncta
1198 2275 1231 2336 et
1255 2292 1401 2336 connexa

236 2384 294 2446 est.
342 2378 513 2443 Praeterea
542 2397 614 2441 cum
650 2376 783 2440 eandem
817 2398 913 2460 quam
943 2377 1009 2444 iam
1035 2379 1245 2464 cognovimus
1274 2377 1402 2442 afferret

153 2506 156 2512 ⁴
235 2484 425 2552 observandi
445 2483 646 2568 diligentiam
668 2487 701 2548 et
721 2483 933 2550 subtilitatem
952 2486 1129 2570 iisdemque
1150 2486 1330 2552 rationibus
1349 2485 1400 2550 in-

234 2593 399 2671 niteretur,
421 2594 459 2656 ut
479 2594 512 2658 et
532 2591 657 2657 fabulas
679 2595 712 2656 et
732 2595 836 2658 terrae
858 2592 1004 2677 coelique
1028 2593 1275 2680 descriptionem
1296 2598 1330 2660 et
1349 2617 1402 2661 ar-

234 2704 301 2765 tem
326 2704 441 2785 poetae
467 2721 533 2765 non
558 2699 621 2765 nisi
642 2720 681 2763 ex
701 2699 772 2784 ipso
798 2720 928 2784 unoque
949 2700 1091 2767 Homero
1112 2701 1287 2786 expediret,
1317 2701 1402 2767 hanc

235 2789 364 2893 quoque
391 2830 459 2872 rem
486 2807 618 2873 cessisse
646 2806 766 2891 optime
790 2807 840 2871 vel
864 2807 1031 2893 incognita
1058 2830 1154 2874 causa
1181 2808 1401 2874 concedemus.

234 2914 319 2979 Hinc
350 2913 541 2999 allegoricae
574 2913 832 2998 interpretationi
864 2914 991 2979 obstitit
1017 2918 1057 2997 (v.
1084 2915 1184 2981 Wolf.
1211 2939 1244 3001 p.
1269 2914 1403 2999 CLXV),

233 3021 413 3086 fabularum
428 3021 661 3088 enarrationem
676 3022 717 3087 ab
740 3021 826 3087 omni
847 3023 1030 3107 temporum
1051 3023 1239 3090 confusione
1260 3024 1402 3089 vindica·

233 3129 288 3207 vit,
309 3151 368 3194 nec
388 3130 422 3193 in
436 3132 604 3214 regionum
618 3149 678 3192 nec
692 3128 727 3191 in
747 3127 830 3193 coeli
851 3129 1036 3214 cognitione
1058 3131 1131 3215 plus
1152 3131 1266 3197 tribuit
1286 3134 1402 3216 poetae

236 3259 332 3322 quam
352 3237 492 3302 carmina
511 3238 690 3322 praestant,
723 3235 861 3319 denique
887 3236 1044 3320 quidquid
1071 3238 1110 3302 de
1137 3238 1226 3304 cultu
1251 3239 1402 3323 victuque

234 3345 362 3409 illomm
384 3344 551 3410 hominum
577 3343 657 3408 seire
683 3365 812 3409 necesse
839 3347 903 3420 est,
934 3345 1135 3412 maximeea
1159 3346 1244 3410 unde
1265 3345 1403 3430 plurima

235 3453 390 3536 pendent,
419 3474 500 3536 quae
528 3452 645 3516 iterum
673 3451 854 3543 itemmque
875 3456 1057 3532 recurrunt,
1087 3475 1125 3518 ex
1145 3453 1223 3537 ipsis
1244 3453 1403 3538 poematis

236 3581 360 3624 summa
386 3581 459 3623 cum
486 3559 673 3624 assiduitate
706 3559 799 3624 eruit.
834 3558 978 3624 Primum
1006 3560 1068 3625 hoc
1093 3561 1172 3625 duce
1200 3560 1327 3625 coelum
1352 3559 1404 3625 lu·

236 3670 372 3732 stremus
400 3670 433 3732 et
454 3665 568 3746 Divos,
598 3665 672 3730 dein
699 3666 740 3731 ad
765 3665 913 3732 homines
934 3670 1031 3751 atque
1052 3668 1086 3732 in
1107 3666 1194 3732 huno
1216 3669 1326 3732 orbem
1349 3667 1404 3732 de-

235 3774 433 3839 scendamus.

705 4012 935 4020 ἡ.-
