3008 4980
210 315 271 377 368
721 303 865 360 Excursns.

211 469 381 559 ἐστέρητο,
418 471 548 554 μᾶλλον
576 470 639 556 γὰρ
669 493 775 556 προσ·
817 465 859 556 δή
888 491 944 534 τοι
967 462 1169 554 Δημόδοκον
1200 460 1222 552 ἡ
1256 470 1377 532 Μοῦσα

211 579 341 657 εκτικὸς
369 574 493 663 ε’γίνετο
518 583 559 668 τῇ
589 573 774 666 φωνασκῖᾳ.
816 570 1036 665 ,,ὀφθαλμῶν
1068 571 1130 656 μὲν
1162 566 1300 658 ι’ίμερσε,
1333 570 1378 638 δί.

817 684 877 749 doc·
901 677 933 748 δ’
955 677 1073 770 ἡδεῖαν
1095 676 1256 770 ἀοιδήνίί.

212 798 276 862 Ubi
303 797 392 861 rides
422 797 487 860 iam
511 795 718 860 Eustathium
746 793 922 858 Aristonici
948 791 1094 858 scholion
1123 794 1314 877 corruptum
1336 790 1380 856 le-

214 905 313 989 gissa:
349 904 606 968 emendationem
634 902 844 966 indicavimus
870 923 967 985 supra
994 924 1025 985 p.
1055 905 1189 967 188-
1215 898 1270 964 Ad
1296 899 1380 964 056

214 1015 418 1097 argumenta,
446 1012 564 1094 quibus
591 1011 640 1074 illi
665 1032 775 1074 versus
800 1008 1001 1083 reficiuntur,
1033 1007 1129 1092 plane
1156 1006 1382 1072 convenienter

214 1141 287 1183 cnm
313 1117 437 1183 scholio
458 1118 634 1183 Aristonici
662 1118 768 1182 refert.
802 1116 888 1181 Dein
912 1115 1021 1201 pergit
1041 1116 1086 1200 (p.
1111 1122 1204 1193 1005,
1227 1114 1300 1198 62>;
1331 1108 1382 1175 καί

212 1230 315 1290 ταῦτα
339 1222 400 1307 μὲν
430 1218 461 1288 ολ
482 1218 696 1308 ὀβελίζοντες.
742 1219 772 1288 οῖ
800 1220 837 1288 δὲ
859 1218 1011 1309 ἐξηγηταὶ
1030 1219 1118 1307 πρὸς
1136 1225 1255 1299 ταῖτα,
1278 1207 1326 1284 ὧν
1345 1216 1381 1282 τὰ

213 1327 319 1397 πλείω
341 1325 533 1418 ἕξείληπται
552 1334 617 1396 ταῖν
636 1325 804 1408 Ἀπίωνος
822 1321 1097 1413 καὶἩροδώροα,
1120 1324 1315 1394 ἐκτίθενται
1332 1319 1383 1392 λί-

212 1461 283 1516 σεις
298 1432 503 1523 ἀξιολόγους,
527 1435 569 1516 ἅς
581 1462 645 1524 περ
661 1434 680 1504 ὁ
703 1436 815 1503 θέλων
830 1432 973 1524 ζητείτω.
1008 1433 1044 1501 ἐν
1065 1426 1120 1514 αἷς
1139 1439 1250 1501 κεῖται
1270 1433 1329 1500 καὶ
1347 1473 1383 1483 -

215 1551 249 1613 et
261 1546 359 1612 refert
374 1547 488 1612 deinde
509 1570 547 1613 ex
567 1549 791 1626 solutionibus,
811 1568 891 1631 quas
908 1545 1065 1611 habemus
1085 1545 1120 1611 in
1141 1545 1276 1611 scholiis
1293 1543 1383 1610 BLV.

213 1654 350 1720 -Ibem
371 1658 411 1717 A
429 1661 488 1723 385
510 1659 592 1739 (851,
614 1658 666 1738 49)
689 1656 727 1720 δε
749 1649 831 1742 κέρᾳ
852 1646 958 1737 ἀγλαὲ
979 1655 1091 1719 eadem
1111 1653 1210 1719 verba
1231 1653 1384 1740 leguntur

216 1763 276 1827 sub
297 1761 458 1827 Herodori
485 1767 518 1826 et
538 1763 675 1846 Apionis
702 1762 832 1830 nomine
854 1762 940 1848 apud
959 1760 1181 1844 Emathium,
1207 1783 1291 1846 quae
1313 1764 1385 1826 sunt

216 1869 392 1936 Aristonici
411 1871 446 1935 in
468 1869 608 1936 scholiis.
642 1870 725 1935 Item
745 1864 923 1957 Λήμητρος
941 1866 1078 1952 τέμενος
1096 1871 1127 1932 Β
1142 1873 1204 1937 696
1226 1871 1383 1951 (32419).

135 1976 206 2046 (392)
218 1977 259 2043 V.
282 1978 379 2044 etiam
404 1980 513 2061 κρεῖον
534 1982 555 2040 Ι
573 1984 634 2045 206
656 1981 738 2061 (747,
761 1981 820 2061 18).
864 1976 1038 2065 σφεδανῶν
1062 1981 1094 2040 Φ
1114 1982 1176 2044 542
1198 1981 1304 2061 (1250,
1325 1979 1383 2058 56).

216 2079 349 2166 ὁμοίιος
369 2085 402 2148 Δ
416 2089 475 2152 315
498 2086 580 2166 (476,
601 2089 663 2168 46).
683 2085 875 2171 —Didymi
896 2087 1050 2151 admonet
1069 2084 1151 2150 illud
1176 2087 1207 2147 Π
1222 2087 1261 2151 31
1285 2084 1385 2164 (1043,

216 2196 269 2276 47)
291 2186 311 2279 ἡ
336 2189 373 2257 δὲ
396 2196 457 2259 τοῦ
479 2186 632 2278 αἰναρέτη
654 2185 838 2275 ἀνάγνωσις
858 2190 941 2257 κατὰ
953 2185 1148 2278 Ἡρόδωρον
1167 2187 1225 2256 καὶ
1236 2183 1384 2254 Ἀπίωνα

212 2293 460 2385 Ἀριστάρχειός
487 2296 583 2365 ἔστιν.
625 2299 690 2367 Sed
710 2299 882 2366 Nicanoris
904 2303 1002 2368 etiam
1028 2304 1122 2366 notas
1147 2299 1183 2364 in
1209 2298 1277 2366 illis
1300 2320 1385 2365 com·

217 2409 382 2475 mentariis
403 2409 502 2474 fuisse
524 2412 647 2475 certum
667 2409 841 2495 vestigium
863 2414 925 2478 est:

293 2518 385 2582 Eust.
412 2519 441 2581 Θ
464 2523 522 2585 185
546 2521 626 2599 (706,
648 2522 699 2601 55)
963 2516 1108 2583 Nicanor
1132 2518 1161 2580 Θ
1185 2521 1244 2585 185

219 2626 257 2690 de
284 2620 402 2694 Ξάνθε
426 2647 462 2689 τε
491 2621 547 2689 καί
576 2622 615 2688 οδ
641 2617 781 2708 Πόδαρ-
821 2622 923 2710 βραχὺ
969 2621 1005 2689 δὲ
1048 2620 1267 2690 διασταλτέον
1302 2616 1383 2687 καθ’

218 2755 254 2816 γε
278 2729 336 2796 καὶ
355 2725 483 2798 Λίθων
504 2726 637 2815 Λάμπε
661 2754 696 2795 τε
719 2731 782 2797 δῖοι
822 2729 960 2799 ἕκαστον
985 2723 1101 2815 ῖίνομα.
1138 2723 1200 2797 uda
1221 2728 1387 2818 συνάπτῃ·

219 2834 251 2905 οἱ
278 2833 309 2904 δ’
338 2832 435 2905 αὐτοί
461 2862 545 2928 φασι
570 2837 627 2904 καὶ
648 2833 693 2916 ὡς
714 2849 782 2928 tvv-
821 2864 878 2905 ται
913 2837 950 2905 δὲ
979 2837 1017 2906 τὸ
1050 2837 1178 2929 ψυχρὸν
1212 2835 1320 2906 ἐκεῖνο
1350 2833 1385 2904 οδ

216 2941 294 3033 χρόν
321 2943 391 3012 ἐστι
424 2950 512 3013 νοεῖν
548 2943 691 3012 ἐπίθετα
721 2942 781 3029 μὲν
824 2943 962 3013 δύναται
987 2951 1143 3014 νοεῖσθαι
1169 2941 1224 3014 ὅτι
1246 2943 1307 3013 δύο
1328 2943 1387 3031 μέν

217 3052 259 3118 τὰ
293 3052 366 3139 δύο,
397 3053 440 3118 τὰ
469 3051 506 3120 δὲ
540 3052 645 3120 λοιπὰ
674 3048 782 3139 κύρια.
824 3052 913 3120 ἐστιν
934 3050 1093 3134 ἐπίθετα,
1128 3050 1188 3121 δίο
1215 3052 1253 3120 δὲ
1278 3050 1385 3142 κύρια,

219 3159 294 3227 ἐπεὶ
305 3154 782 3247 κατὰἩρόδωρονκαίἈπίω-
823 3160 897 3229 ἐπεὶ
925 3158 956 3230 oi
979 3159 1156 3247 σύνδεσμοι
1182 3158 1388 3249 παρακείμε-

218 3293 259 3334 να
287 3264 318 3335 ολ
343 3265 522 3352 σύνδεσμοι
542 3265 784 3352 παρακείμενοι
825 3295 879 3337 νοι
901 3266 1096 3356 χωρίζονσιν
1129 3263 1213 3335 αὐτὰ
1243 3264 1303 3336 ἀπ’
1329 3264 1388 3336 ἆλ-

220 3480 319 3570 κίρια
340 3483 402 3572 γὰρ
423 3483 510 3571 πρὸς
529 3479 673 3550 ἐπίθετα
689 3478 784 3551 οὐδέ·
825 3482 969 3553 ἐπίθετα
991 3481 1152 3555 οὐδέποτε
1172 3485 1349 3555 συνδεῖται.

220 3615 302 3658 ποτε
323 3593 499 3663 συνδεῖται.

301 3700 361 3768 llle
387 3702 485 3786 liber,
517 3726 581 3789 quo
611 3703 748 3788 Apionis
779 3708 812 3769 et
836 3703 997 3770 Herodoti
1021 3706 1206 3772 nominibus
1233 3705 1389 3790 inscripto

220 3808 411 3876 Eustabhius
436 3835 514 3878 usus
541 3815 603 3893 est,
629 3812 663 3877 in
690 3812 804 3877 iisdem
829 3811 1047 3879 fundamentis
1072 3813 1294 3879 inaedificatus
1323 3817 1390 3878 erat

222 3916 338 4002 quibus
366 3919 467 3984 codex
490 3919 644 3986 Venetus.
697 3919 758 3984 His
780 3919 887 3984 addita
908 3921 1050 3989 habebat
1068 3923 1186 4009 partim
1208 3922 1331 4005 eadem,
1353 3925 1390 3986 ut

222 4025 260 4090 de
287 4017 421 4112 ι’ίφαλος
440 4030 476 4090 Κ
496 4033 570 4104 258,
596 4027 714 4112 partim
739 4026 815 4111 alia,
842 4049 923 4112 quae
953 4051 1058 4114 neque
1080 4051 1166 4095 nunc
1188 4034 1265 4095 sunt
1284 4029 1318 4094 in
1339 4028 1389 4092 his

222 4131 352 4199 scholiis
368 4155 427 4200 nec
442 4134 520 4200 olim
534 4133 633 4200 fuisse
646 4134 813 4220 probabile
829 4140 890 4200 estc
911 4160 939 4203 v.
953 4160 984 4222 p.
1001 4145 1050 4218 47,
1067 4145 1104 4206 10
1120 4138 1171 4222 (Α
1189 4141 1251 4220 59).
1283 4160 1314 4221 p.
1332 4141 1387 4203 157

223 4242 273 4325 (Α
295 4245 375 4325 591).
396 4265 426 4327 p.
450 4250 520 4323 474,
542 4247 581 4311 30
603 4244 647 4325 (Δ
667 4245 750 4326 296).
786 4241 877 4309 Ultra
893 4266 980 4310 nunc
1000 4267 1067 4311 non
1087 4244 1286 4331 progredior.
