3008 4980
203 308 260 370 180
381 302 426 356 III.
449 301 491 356 De
508 299 661 356 Aristarchi
677 297 797 356 scientia
813 296 990 367 antiquitatis
1005 294 1182 351 Homericae.

198 489 291 548 τεμις
312 468 404 553 <XVI
428 470 511 554 125),
533 473 565 536 et
587 468 806 554 compluribus
826 467 906 533 lucia
928 465 1084 542 similiter,
1105 466 1278 529 mutuatur
1296 460 1358 536 hoa

199 579 236 639 ut
251 577 444 660 putaverim,
474 578 514 643 ab
537 599 589 657 eo,
617 601 635 642 a
657 599 721 661 quo
742 574 846 640 multa
865 577 1031 639 mutuatus
1052 577 1118 652 eat,
1142 569 1358 655 Euphorione:

197 678 255 748 τὸν
277 679 314 747 δέ
335 676 520 769 Εὐρύλοχον
541 680 615 750 νέον
636 677 776 748 ἐκάλουν
795 675 960 762 Ἀχιλλέα,
983 672 1029 756 ιὸς
1042 672 1227 768 Εὐφορίων
1246 668 1359 757 ἱστορεῖ

198 783 408 873 ,,ὁπλοτέρου
418 784 445 855 τ’
459 783 615 876 Ἀχιλῆος
625 782 790 873 ἀκούομεν
799 779 1029 874 Εύρυλόχοιο“
1040 808 1164 873 argum
1170 781 1357 868 PindPytt

198 922 229 984 p.
252 904 312 967 299
341 898 481 965 Boeckh.
508 899 606 966 Mein.
627 899 722 966 Auel.
742 899 794 965 Al
815 921 847 983 p.
868 903 917 965 95.
960 893 1099 962 Nounur
1127 893 1244 960 eodem
1270 889 1355 956 modo

199 1006 304 1072 adres
325 1029 455 1092 quoque
476 1006 649 1086 transtulit,
670 1010 707 1072 ut
727 1005 884 1092 templum
898 1002 1080 1071 Salomonis
1099 1002 1245 1067 dirutum
1264 998 1356 1064 tuirm

199 1115 311 1180 diebus
343 1109 517 1197 κτίσμαοιν
549 1109 779 1198 ὁπλοτέροισιν
810 1113 915 1179 denuo
949 1114 1147 1178 exstructum
1174 1109 1217 1174 iri
1250 1107 1356 1173 diceret

199 1223 291 1308 <Met
315 1225 345 1285 Β
369 1222 456 1307 100),
482 1226 515 1289 et
542 1222 657 1288 debere
683 1221 831 1286 homiues
851 1219 1044 1306 baptismate
1066 1219 1173 1284 denuo
1196 1215 1286 1282 nasci
1303 1214 1357 1279 hcc

197 1331 294 1397 modo
321 1325 532 1416 ,,ὁπλοτέρην
556 1325 722 1409 δέξασθαι
746 1325 921 1412 γενέθλιον
941 1318 1092 1409 άσπορον
1118 1317 1250 1410 ἀρχήν“
1277 1323 1358 1410 <Met

198 1441 229 1502 Γ
240 1439 308 1524 28),
326 1443 360 1506 et
372 1437 470 1505 Marti
485 1437 647 1524 prioribus
662 1436 780 1502 similia
792 1436 921 1503 vincula
935 1436 1040 1502 denuo
1054 1433 1199 1500 facturus
1212 1430 1359 1518 Cyclopea

199 1547 307 1628 (Dion.
333 1553 386 1628 29,
419 1549 493 1631 353)
521 1542 578 1610 καὶ
603 1536 729 1630 ἀρχαίῳ
755 1562 812 1610 σεο
839 1543 948 1630 δεσμῷ
974 1537 1159 1627 ὁπλότερον
1180 1536 1360 1607 τελέσουσιν

199 1650 340 1738 ὁμοίιον.
386 1653 440 1722 Sic
465 1654 611 1740 pervenit
636 1654 677 1720 ad
698 1653 965 1740 significationem
990 1656 1140 1735 ‚‚uovus“‚
1168 1651 1217 1716 ita
1241 1652 1280 1715 ut
1302 1666 1361 1714 nou

197 1767 324 1829 tautum
340 1763 379 1828 de
393 1763 490 1828 rebus
506 1763 625 1829 diceret
643 1762 736 1826 novis
756 1765 879 1828 veteres
900 1760 1048 1827 similiter
1066 1759 1294 1839 reserantibus,
1311 1755 1362 1822 aed

199 1872 296 1937 etiam
312 1871 350 1935 de
372 1869 464 1935 novis
486 1869 583 1936 rebus
602 1869 765 1936 veteribus
787 1892 826 1935 ex
847 1868 960 1935 eodem
980 1889 1099 1953 genere
1119 1888 1254 1952 prorsus
1275 1863 1361 1932 dirri-

198 1977 338 2043 milibus.
374 1975 459 2042 Usus
481 1981 567 2044 certe
590 1978 635 2043 sic
658 1981 707 2044 est
729 1999 806 2044 vcce
826 1976 862 2041 in
883 1975 1041 2061 Metaphr.
1064 1980 1099 2039 N
1114 1980 1182 2055 138,
1201 1974 1262 2040 ubi
1283 1970 1363 2058 quod

199 2085 233 2149 iu
261 2084 440 2171 Evangelio
473 2089 522 2150 est
547 2081 684 2172 ἐντολὴν
710 2082 829 2171 καινὴν
857 2080 980 2166 ὁίὸωμι
1006 2077 1096 2166 ύμῖν,
1131 2080 1188 2146 ἵνα
1216 2074 1363 2166 ἀγαπᾶτε

200 2183 367 2277 ἀλλήλους
386 2230 427 2239 -
449 2193 494 2257 sic
504 2192 643 2259 reddidit
658 2186 841 2278 ὁπλοτέρην
856 2186 891 2256 έν
912 2186 1039 2257 ὁίπασιν
1060 2182 1274 2280 ἐφημοσύνην
1293 2183 1364 2254 im·

135 2309 181 2360 182
198 2294 313 2365 τέλλω.
359 2300 509 2367 Ceterum
534 2301 561 2365 si
588 2300 739 2388 Riglerus
769 2305 822 2379 38,
853 2306 911 2368 113
948 2294 1138 2386 (παρθένον
1167 2289 1364 2381 ὁπλοτέρη)

199 2408 336 2495 explicat
349 2409 489 2495 puellam
508 2411 697 2489 „teneram“,
719 2410 782 2475 iste
804 2408 936 2493 quidem
956 2409 1047 2476 locus
1068 2428 1135 2474 nou
1154 2406 1288 2489 integer
1306 2406 1364 2470 eat:

199 2517 316 2582 excidit
337 2517 472 2586 fortasse
493 2543 612 2588 versus.
652 2518 692 2585 In
710 2517 910 2584 restituendo
932 2517 959 2582 si
981 2518 1052 2602 quis
1071 2512 1283 2601 periclitetur,
1301 2534 1364 2579 ma·

198 2625 328 2690 minerit
354 2619 539 2713 ὁπλοτέρην
565 2628 709 2714 potuisse
740 2627 839 2693 etiam
864 2647 961 2692 seusu
988 2622 1173 2710 superlativi
1199 2623 1271 2689 dici
1315 2619 1364 2689 sic

200 2732 320 2798 dictum
343 2735 392 2799 est
411 2742 438 2814 5,
453 2742 529 2804 202:
551 2741 626 2821 post
647 2740 712 2802 tres
735 2734 846 2802 Cadmi
867 2734 950 2800 filias
972 2732 1143 2799 exordire
1165 2733 1364 2798 enumeratae

198 2840 243 2904 sic
264 2843 384 2927 pergit:
405 2839 463 2907 καὶ
483 2837 640 2925 Χαρίτων
661 2835 809 2926 ’ένὸαλμα
830 2834 1067 2926 ποθοβλήτοιο
1088 2833 1277 2926 προσώπου
1289 2832 1366 2923 Ζηνί

198 2943 433 3036 φυλασσομένη
454 2946 583 3036 Σεμέλη
610 2945 775 3036 βλάστησε
803 2943 939 3036 τετάρτη
966 2942 1172 3039 θυγατέρων·
1204 2937 1312 3035 μούνη
1331 2938 1366 3007 di

197 3051 255 3119 καί
276 3048 441 3144 ὁπλοτέρη
455 3079 519 3141 περ
538 3052 637 3145 ἐούσῃ
660 3057 763 3124 ὁιὸκεν
785 3049 959 3143 ἀνικήτοιο
978 3051 1078 3145 φύσις
1095 3049 1268 3141 πρεσβήϊον
1287 3074 1366 3137 μορ·

199 3164 275 3248 φύς.
301 3163 431 3240 ¹Potuit
456 3165 518 3230 hoc
544 3166 584 3230 ab
605 3166 781 3252 Apollonio
809 3188 867 3232 auo
893 3187 1034 3248 sumere,
1065 3163 1121 3248 qui
1141 3161 1158 3228 Ι
1177 3167 1219 3230 43
1246 3162 1366 3229 dixerat

198 3259 235 3348 ὁς
255 3267 334 3354 πρὶν
354 3267 414 3354 μέν
436 3267 637 3356 ἐρισθενέων
651 3267 865 3352 Λαπιθάων,
889 3266 1022 3341 ὁππότε
1036 3264 1240 3352 Κενταύροις
1251 3262 1365 3334 Λαπί·

78 3395 82 3401 ·
197 3381 264 3443 θαι
287 3373 582 3466 έπεθωρήσσοντυ,
603 3370 793 3466 ὁπλότερος
815 3376 989 3464 πολέμιζε·
1021 3370 1086 3444 τότ’
1110 3367 1154 3442 αύ
1178 3368 1366 3462 βαρύθεσκέ

198 3479 230 3549 οἱ
255 3477 320 3573 ἤδη
349 3488 426 3569 μυῖα
458 3527 495 3536 -
528 3489 560 3554 h.
587 3511 614 3557 e.
640 3489 849 3575 lapitharum
874 3495 953 3557 natu
983 3488 1143 3554 minimus.
1171 3526 1212 3537 -
1238 3484 1366 3552 Praeter

196 3593 285 3659 illam
306 3590 482 3678 παρθένον
504 3590 688 3686 ὁπλοτέρην
707 3598 855 3681 Riglerus
880 3607 933 3678 15,
955 3604 1015 3667 375
1039 3588 1365 3680 ὁπλοτάτηνκούρην

189 3703 419 3779 ·„tenerrimam
445 3704 602 3790 puellam“
630 3727 700 3772 esse
726 3706 837 3774 voluit.
880 3705 944 3774 Sed
969 3707 1003 3772 id
1028 3726 1101 3772 eum
1128 3724 1195 3769 uon
1221 3700 1366 3769 videatur

196 3809 265 3874 fieri
291 3832 399 3894 posse,
424 3813 488 3878 illic
516 3836 645 3898 quoque
670 3805 839 3900 ὁπλοτάτη
861 3817 1069 3900 (quamquam
1091 3812 1241 3897 equidem
1259 3811 1365 3896 potius

197 3916 385 3982 crediderim
412 3942 450 3986 eo
473 3944 605 4006 quoque
625 3921 699 3988 loco
720 3922 830 4009 potius
851 3921 955 3989 forma
976 3922 1038 3988 sibi
1059 3921 1180 3987 usitata
1202 3913 1364 4003 ὁπλοτέρη

196 4043 292 4091 usum
306 4028 389 4114 esse)
411 4028 607 4115 significabit
621 4036 678 4096 aut
699 4031 843 4097 omnium
865 4054 947 4115 quae
969 4034 1043 4095 aute
1066 4030 1271 4097 enumeratae
1291 4027 1365 4092 aunt

196 4132 387 4201 feminarum
419 4141 475 4202 aut
499 4135 662 4203 Naiadum
688 4142 768 4203 natu
800 4138 941 4205 minima.
968 4175 1009 4185 -
1034 4135 1226 4224 Neglectum
1262 4132 1364 4198 adhuc

196 4241 259 4308 hoc
272 4243 462 4309 vocabulum
478 4243 518 4309 ab
533 4243 769 4330 lexicographia
788 4247 916 4312 nostris.
953 4245 1006 4312 Sic
1021 4266 1087 4310 uon
1102 4244 1243 4310 alienum
1263 4242 1364 4307 virum

196 4351 275 4417 haec
297 4357 382 4419 certe
405 4374 486 4437 quae
509 4375 543 4418 se
564 4351 742 4418 offerebant
762 4352 815 4418 hic
834 4358 956 4420 notare.

667 4469 897 4482 ’ΔΑ-ιιι*
