3008 4980
457 332 480 384 3.
502 321 588 382 ἔνδον
605 331 634 382 et
652 325 730 394 τίσω,
749 332 826 385 κεῖθι
843 333 873 385 et
888 337 977 388 κεῖσε.
1241 342 1299 405 135

133 495 226 562 Unde
241 494 336 560 simul
349 495 561 562 intolerabilis
576 495 733 562 Zenodoti
748 519 835 562 error
848 499 1028 582 patefactus
1044 522 1182 586 veraque
1203 503 1299 570 lectio

133 603 266 667 inducta
286 604 325 665 Π
341 609 401 671 515

216 708 331 787 κλῦθι,
356 702 448 789 ἀναξ,
474 704 511 788 dg
531 732 598 774 που
619 704 751 796 Λυκίης
771 705 806 776 έν
827 706 922 780 πίονι
945 708 1041 802 δήμῳ

217 811 265 894 είς
284 809 308 902 ή
330 812 379 882 ot
402 813 517 905 Τροίη·
541 809 680 883 δύνασαι
702 814 738 883 δὲ
760 815 797 882 σύ
819 813 1115 891 πάντοσ’,υἰκούειν

216 919 308 1009 ἀνέρι
330 921 512 1012 κηδομένῳ,
536 919 582 1004 ὡς
602 927 659 991 νῦν
680 919 738 1007 ἐμὲ
757 925 859 1012 κήδος
880 921 1005 994 ἱκάνεις

133 1029 153 1120 ή
180 1032 287 1119 διπλή
307 1028 360 1100 ότι
381 1027 486 1111 οὕτως
513 1027 617 1099 aitardo
647 1030 754 1118 λέγειν
781 1028 926 1102 πάντοσε
951 1029 1102 1122 ἀκούειν,
1124 1031 1172 1116 εἰς
1192 1033 1300 1103 πάντα

134 1135 239 1209 τόπον
271 1133 419 1226 ἀκούειν,
453 1137 511 1207 έπί
537 1145 604 1205 τῶν
633 1138 670 1207 ἐκ
695 1141 800 1208 τόπου
831 1135 879 1221 είς
902 1136 1009 1211 τόπον
1034 1138 1301 1232 ἀφικνουμένων·

135 1243 303 1336 ,πεύθετο
333 1245 393 1333 γάρ
421 1242 599 1333 Κύπρονδε
625 1245 712 1334 μέγα
740 1248 880 1337 κλέος“,
912 1246 960 1330 εἰς
987 1246 1125 1338 Κύπρον
1149 1247 1300 1340 ήκούετο.

137 1355 190 1424 διὸ
213 1354 268 1422 καί
289 1359 345 1421 νῦν
364 1353 449 1422 κατὰ
466 1356 674 1446 συναλοιφὴν
695 1351 883 1442 ἀκουστέον,
905 1353 944 1423 ἵν’
969 1351 1047 1449 ᾐτδ
1070 1360 1196 1448 πλῆρες
1216 1355 1301 1426 πάν-

135 1487 211 1529 τοσε
241 1457 384 1531 ἀκούειν.
427 1465 575 1533 Alterum
602 1467 701 1533 schol.
722 1458 935 1551 Ἀρίσταρχος
965 1465 1002 1533 τὸ
1035 1468 1161 1554 πλῆρες
1185 1461 1302 1534 ἀκούει

136 1566 289 1640 πάντοσε.
333 1565 521 1659 Ζηνόδοτος
551 1566 698 1652 ,,ποίντες
730 1566 885 1638 ἀκούεται(
912 1572 968 1638 διὰ
999 1579 1059 1640 τοῦ
1089 1599 1114 1639 ε.
1166 1576 1302 1643 Videtur

136 1682 338 1748 scribendum
367 1673 492 1758 παντός
521 1686 553 1748 et
586 1678 644 1745 διὰ
671 1684 731 1745 τοῦ
758 1704 803 1758 ος.
854 1681 1056 1768 Quamquam
1074 1684 1227 1763 vValsenii
1252 1685 1302 1769 <et

135 1790 189 1854 W.
211 1788 380 1856 Ribbeckii
388 1788 511 1859 Philol.
533 1787 612 1856 VIII
632 1813 662 1874 p.
677 1788 754 1875 712>
776 1789 959 1855 coniectura
980 1795 1038 1870 est,
1060 1789 1217 1857 Zenodoti
1238 1791 1301 1856 lec·

136 1899 259 1965 tionem
279 1897 378 1963 firisse
399 1889 493 1960 πάντ’
518 1888 700 1962 ἐσακούειν.

218 2006 343 2072 Mature
357 2006 436 2072 haec
453 2005 676 2072 adverbiorum
697 2005 842 2070 confusio
864 2007 1009 2091 grassata
1030 2009 1063 2070 et
1084 2006 1169 2090 apud
1191 2028 1302 2071 recen·

135 2115 234 2179 tiores
250 2113 365 2198 epicos,
386 2113 580 2198 elegantiam
600 2114 676 2179 hino
689 2117 726 2180 ut
739 2113 866 2179 videtur
880 2117 1078 2197 quaerentes,
1096 2114 1299 2199 pervulgata:
1319 2120 1366 2172 136

135 2223 244 2308 hymn.
271 2209 408 2288 Marad
435 2212 552 2303 ἀντρον
579 2214 643 2284 ἔσω
673 2212 820 2285 ναίουσα.
864 2219 935 2297 Quo
961 2219 1033 2285 Ioco
1061 2221 1099 2285 de
1127 2220 1301 2286 Homerico

137 2323 216 2394 εἴσω
244 2329 359 2395 erravit
389 2327 533 2414 Ilgenius
563 2351 622 2395 nec
654 2329 750 2395 fidem
776 2327 905 2408 meruit,
937 2349 1033 2412 quam
1066 2328 1095 2392 ei
1122 2327 1302 2396 Lobeckius

135 2437 251 2504 habuit
276 2437 317 2503 ad
337 2436 455 2521 Phryn.
484 2440 607 2520 pff128.
654 2435 855 2520 Quamquam
880 2435 943 2500 hoc
968 2435 1039 2520 ipso
1065 2435 1137 2501 loco
1166 2434 1303 2500 fortasse

137 2546 238 2612 altera
264 2544 358 2610 lectio
385 2543 548 2628 antiquior
575 2547 624 2609 est
650 2534 756 2628 ἀντρφ
782 2535 981 2607 ναιετάουσα
1008 2535 1193 2626 παλισκίῳ,
1221 2565 1303 2626 quae

137 2675 223 2718 nunc
244 2655 294 2717 cst
313 2652 348 2716 in
370 2651 512 2716 eiusdem
533 2651 644 2736 hymni
664 2651 858 2736 fragmento,
888 2651 975 2735 quod
1000 2672 1059 2735 pro
1087 2649 1225 2734 septimo
1248 2651 1303 2714 de-

137 2761 219 2826 cimo
246 2759 385 2824 carmine
412 2758 633 2824 circumfertur
659 2757 694 2823 in
717 2758 844 2842 hymnis
865 2756 1054 2823 Homericis.
1097 2755 1250 2840 Apollon.
1272 2755 1304 2821 Π

137 2875 198 2937 874
217 2850 263 2943 δίς
288 2861 325 2930 δέ
350 2862 406 2930 καί
427 2858 527 2929 ἀλλσι
548 2863 645 2947 δεῦρο
668 2856 833 2948 δαήμονες
855 2855 971 2945 ἀνδρες
991 2857 1074 2929 έασι.
1107 2863 1214 2943 Quint.
1237 2863 1303 2931 Sm.

137 2977 167 3039 E
179 2982 239 3043 515
261 2965 341 3039 ούδέ
359 2963 386 3036 τ’
408 2967 483 3053 ἐμοὶ
504 2963 636 3036 νόστοιο
657 2966 754 3048 τέλος
773 2967 831 3036 σέο
855 2970 952 3055 δεῦρο
973 2963 1138 3047 θανόντος
1160 2962 1304 3035 ἁνδάνει.

136 3083 244 3150 Nonn.
267 3079 346 3148 VIII
359 3087 400 3148 94
421 3076 499 3165 πρίν
519 3076 605 3156 Διὸς
626 3071 777 3158 οίνοχόον
798 3071 996 3165 Γανυμήδεα
1019 3078 1116 3163 δεύρο
1138 3070 1248 3163 νοήσω
1264 3115 1305 3125 -

65 3220 67 3222 ’
137 3183 359 3272 ἀμειβόμενον
381 3183 486 3264 δέπας
499 3183 617 3272 Ἥβης.
652 3186 803 3274 Apollon.
818 3185 850 3252 II
864 3193 923 3256 718
945 3178 1004 3250 καί
1023 3179 1049 3248 τ’
1070 3178 1172 3250 εἰσέτι
1194 3187 1248 3249 νῦν
1269 3205 1304 3268 γε

136 3293 287 3364 τέτυκται
307 3288 387 3362 κεῖσ’
407 3289 585 3382 Ὁμονοίης
605 3288 678 3379 ίρδν
698 3287 869 3384 ἐύφρονος.
910 3293 958 3362 IV
981 3300 1059 3362 1217
1086 3286 1249 3377 Μοιράων
1270 3284 1301 3356 δ’

136 3400 186 3470 έτι
212 3405 300 3469 κεῖσε
327 3399 395 3491 θύη
423 3399 558 3471 ἐπέτεια
589 3398 741 3484 δέχονται
766 3399 824 3468 καί
851 3396 1021 3491 Νυμφέων
1046 3394 1194 3484 Νομίοιο
1222 3393 1301 3464 καθ’

137 3505 226 3595 ἱερὸν
244 3505 458 3590 ’Λπόλλωνος
478 3506 598 3597 βωμοί.
634 3511 786 3596 Apollon.
808 3509 898 3579 1906
920 3506 1034 3593 πέμπε
1052 3533 1111 3594 μιν
1132 3501 1304 3595 ήβήσαντα

137 3613 462 3702 Πελασγίδοςένδον
480 3615 626 3686 Ἰωλκοῦ.
667 3619 749 3704 Opp.
771 3618 845 3688 Hal.
867 3621 897 3682 B
921 3626 979 3687 157
1005 3611 1116 3684 τόνδ’
1141 3609 1214 3682 ούτι
1234 3607 1303 3679 πά-
1315 3620 1386 3691 (141)

138 3750 196 3815 φης
216 3723 312 3807 λόχον
333 3719 533 3813 ὁρμαίνοντα
555 3723 679 3815 γαστήρ
699 3721 795 3792 ἔνδον
815 3720 944 3791 ἔλασσε.
988 3729 1019 3789 Γ
1038 3732 1099 3794 344
1127 3720 1244 3808 δέλεαρ
1268 3719 1307 3788 δέ

139 3831 171 3904 οἱ
196 3830 291 3903 ένδον
321 3829 433 3922 ἐνείης.
481 3843 541 3906 561
567 3828 685 3913 ἀστεος
711 3829 806 3901 ένδον
831 3827 978 3901 ἱκέσθαι.
1024 3835 1054 3896 Ε
1077 3839 1135 3901 581
1163 3825 1305 3896 έσπασεν

137 3939 233 4010 ένδον
257 3936 412 4010 ὀδόντων.
461 3948 492 4007 Γ
515 3950 574 4014 349
601 3942 707 4024 ίξεται
737 3932 857 4007 todoat
888 3936 1053 4027 κύρτουίῦ.
1100 3939 1164 4008 Sed
1189 3942 1220 4002 Γ
1244 3944 1304 4008 380

205 4132 229 4172 78
247 4127 399 4199 Πάροιδεν
416 4121 556 4201 ἔρχεσθαι
576 4146 627 4199 pro
645 4127 754 4200 θύραζε
774 4125 892 4196 Oppian.
914 4125 977 4179 Hal.
995 4128 1020 4181 A
1039 4131 1093 4181 153.
1117 4155 1151 4164 —-
1166 4115 1306 4178 Ἔνδοθεν

138 4215 215 4285 apud
232 4214 383 4270 Homerum
400 4213 465 4276 iam,
482 4215 515 4268 ut
532 4209 663 4284 ἐγγύθεν,
684 4203 834 4282 σχεδόθεν,
852 4209 916 4278 alia,
933 4228 984 4281 pro
1003 4205 1106 4267 ἔνδοθι
1124 4207 1240 4262 dictum
1268 4205 1305 4261 Et

138 4297 258 4365 Quintus
275 4316 297 4354 e.
312 4315 350 4369 ς..
368 4316 430 4354 cum
449 4296 518 4353 dicia
535 4290 693 4367 ἀχνύμενος
709 4293 782 4365 κέαρ
800 4289 925 4351 ἔνδοθεν
941 4295 979 4365 (Γ
988 4296 1047 4365 501)
1066 4297 1095 4349 et
1111 4292 1220 4358 similia,
1237 4291 1304 4347 fines

137 4381 298 4440 Homericos
314 4400 371 4440 non
388 4382 536 4454 egreditur.
571 4379 698 4436 Difficilis
721 4378 859 4448 quaestio,
881 4380 928 4435 sed
952 4377 1157 4436 accuratissima
1174 4374 1304 4447 perquisi-
