3008 4980
201 344 240 409 60
262 338 318 410 311.
345 337 386 396 De
404 336 580 397 Aristarchea
597 336 796 398 vocabulorum
813 334 1022 396 Homericorum
1040 337 1280 412 interpretatione.

201 507 370 586 illustrare,
393 531 474 592 quae
497 509 676 574 declaratur
692 509 743 573 his
764 509 901 594 geminis
923 509 1084 593 exemplis.
1127 512 1158 570 (0
1179 513 1240 575 502
1262 502 1371 592 Λητὼ

135 614 189 684 (71)
204 610 240 677 δὲ
254 610 424 678 συναίνυτο
439 610 599 696 καμπύλα
619 608 699 694 τόξα
721 608 881 679 πεπτεῶτ’
905 607 1042 691 ι’ίλλυδις
1063 607 1150 678 άλλα
1170 611 1254 698 μετὰ
1275 633 1373 698 στρο-

202 716 343 808 φάλιχχι
356 716 484 807 κονίηςι
506 717 559 786 ὅτι
579 717 697 804 μέμιχε
717 719 775 788 τόν
794 718 879 785 κατδι
899 724 957 788 τοῦ
976 715 1074 801 τόξου
1097 716 1196 806 λόγον
1215 723 1263 806 aqi
1284 718 1371 785 κατὰ

200 829 266 891 τιῦν
286 826 405 911 βελῶν·
435 829 593 911 καμπύλα
620 825 681 912 μὲν
702 826 764 913 χδιρ
784 827 825 893 τὰ
846 823 942 908 τόξα,
971 831 1147 893 πεπτεῦτα
1174 823 1205 893 δ’
1231 821 1374 904 άλλυδις

202 926 287 1022 άλλη
308 933 350 999 τὰ
366 931 462 1021 βέλη·
483 928 530 1013 ὡς
548 936 656 1016 χοῖνιξ
674 933 712 1001 τδ
734 937 874 1018 μετροῦν
895 932 952 1000 καί
970 929 1010 999 τδ
1030 929 1251 1021 μετρούμενον
1273 937 1304 1019 (τ
1318 939 1372 1018 28)

202 1038 259 1107 καί
280 1034 399 1127 κοτύλη
421 1044 452 1126 (ο
475 1050 543 1112 312.
565 1068 583 1128 ρ
608 1046 666 1128 12),
689 1040 793 1121 οὕτως
813 1040 869 1107 καί
891 1040 932 1107 τδι
954 1037 1123 1126 βάλλοντα
1144 1040 1262 1107 καὶτὰ
1285 1040 1373 1124 βαλ-

202 1144 326 1230 λόμενα
339 1147 426 1228 τόξα.
462 1154 483 1213 Ι
494 1156 554 1218 324
576 1146 629 1216 δτι
649 1146 681 1217 οῖ
702 1145 958 1239 γλωσσογράφοι
977 1144 1132 1233 μάστακα
1152 1147 1212 1235 τὴν
1235 1142 1371 1233 ἀκρίδα,

203 1253 279 1321 δέον
299 1251 437 1343 μάσημα
458 1255 515 1321 καί
535 1262 667 1341 βραῖμα·
690 1255 796 1324 ἐνίοτε
818 1255 854 1322 δὲ
875 1255 933 1323 καί
953 1250 1035 1323 αύτὸ
1058 1255 1095 1322 τὸ
1116 1250 1222 1339 στόμα
1245 1250 1376 1338 ὁμωνύ-

201 1388 281 1445 μως,
304 1360 463 1449 καθάπερ
486 1363 523 1429 τὸ
542 1367 651 1445 χοῖνιξ
670 1367 756 1452 (cod.
775 1361 923 1450 χοίνικα)
944 1362 982 1431 τὸ
997 1361 1116 1450 μέτρον
1131 1365 1375 1451 (Friedlaender

202 1467 360 1557 καθάπερ
380 1466 512 1551 χοίνικα
532 1471 570 1537 τό
592 1473 748 1559 μετροῦν)
770 1471 826 1537 καί
847 1470 884 1536 τὸ
906 1467 1138 1556 μετρούμενον·
1161 1464 1260 1549 ,ἀλλ’
1275 1463 1372 1536 Ὀδυ-

202 1577 277 1655 οεὺς
304 1575 360 1644 ε’πί
385 1575 539 1661 μάστακα
565 1579 655 1663 χερσί
680 1575 812 1658 πίεζενκ
838 1578 872 1663 (δ
893 1584 975 1663 287).
1017 1579 1071 1646 Sic
1098 1580 1198 1666 igitur
1223 1579 1299 1660 (hoc
1326 1578 1375 1643 illi

203 1689 265 1754 sibi
279 1687 405 1770 volunt)
420 1682 519 1767 βέλος
532 1684 569 1750 τδ
585 1682 712 1769 βάλλον
726 1685 782 1751 καί
800 1685 838 1753 τὸ
852 1683 1060 1769 βαλλόμενον
1074 1686 1126 1752 vel
1139 1683 1177 1752 τό
1192 1688 1376 1770 τιτριῦσκσν

203 1792 313 1859 καὶτὸ
334 1789 603 1878 τιτρωσκόμενον.
624 1831 666 1840 -
686 1793 724 1858 ln
745 1795 827 1860 illud
846 1797 985 1877 μετροῦν
1006 1791 1063 1859 καί
1084 1790 1302 1876 μετρούμενον
1322 1793 1374 1857 in-

204 1903 289 1967 cides
315 1902 400 1985 apud
420 1900 628 1965 Plutarchum
650 1900 710 1967 def.
737 1923 820 1966 orac.
848 1899 892 1984 ιβ
914 1892 1002 1964 άλλὰ
1027 1899 1093 1989 μὴν
1114 1893 1247 1965 κάκεῖνο
1271 1898 1376 1988 δῆλον

203 2007 240 2074 τὸ
263 2002 430 2084 πολλάκις
454 2005 492 2072 τδ
519 2011 658 2092 μετροῦν
684 2005 741 2072 καί
766 2006 804 2073 τὸ
825 2004 1046 2092 μετρούμενον
1065 2011 1136 2084 τοῖς
1162 2000 1274 2084 αὐτοῖς
1295 1999 1375 2073 όνό-

203 2137 287 2199 μασι
313 2109 637 2200 προσαγορεύεσθαι,
662 2107 801 2200 κοτύλην
827 2112 884 2180 καί
907 2112 1039 2196 χοίνικα
1060 2113 1117 2180 καί
1138 2107 1295 2199 άμφορέα
1316 2110 1375 2177 καί

203 2219 373 2305 μέδιμνον.
410 2222 498 2301 Quae
520 2223 680 2288 simillime
699 2223 837 2308 legimus
859 2225 944 2308 apud
962 2223 1146 2310 longinum
1165 2221 1288 2307 proleg.
1304 2221 1374 2287 He·

203 2330 325 2415 phaest.
340 2355 368 2411 p.
388 2338 445 2397 150
459 2330 542 2414 Lips.
559 2331 624 2415 (86,
642 2336 680 2397 16
695 2329 870 2416 westph).
896 2330 1061 2396 Invenitur
1082 2328 1120 2395 τὸ
1142 2324 1295 2412 περιέχον
1316 2325 1375 2393 καί

204 2432 446 2520 περιεχόμενον,
468 2460 494 2503 εὁ
510 2459 540 2523 g.
553 2437 658 2521 Epim.
674 2437 769 2501 Hom.
786 2445 856 2517 197,
872 2443 910 2505 32
926 2439 969 2523 (v.
984 2438 1093 2504 Lehrs.
1108 2437 1227 2503 Herod.
1241 2459 1273 2521 p.
1289 2436 1373 2520 136).

286 2543 394 2608 Unum
421 2548 521 2608 restat
545 2545 580 2608 in
606 2544 735 2608 scholiis
765 2546 853 2628 quod
874 2546 937 2611 huc
958 2545 1099 2629 pertinet
1120 2545 1217 2628 idque
1239 2545 1278 2608 de
1299 2545 1373 2609 Ari-

204 2651 331 2716 starcho
354 2651 521 2734 quaerenti
542 2652 768 2735 gratissimum.
804 2653 965 2717 Admonet
991 2653 1076 2717 enim
1102 2652 1201 2735 (quod
1222 2651 1263 2716 ad
1282 2652 1372 2717 testi-

203 2760 312 2823 monia
345 2759 383 2822 de
411 2781 448 2822 eo
478 2758 595 2823 tradita
616 2762 701 2822 recte
722 2759 925 2823 diiudicanda
945 2759 1113 2844 permagni
1134 2760 1289 2824 momenti
1311 2762 1373 2841 cst)

205 2867 341 2950 optimas
357 2866 424 2930 eius
447 2867 686 2931 observationes
702 2867 965 2950 aposteriorihus
985 2866 1201 2952 grammaticis
1221 2886 1373 2929 nonnun-

205 2995 301 3056 quam
328 2972 466 3038 deflexas
492 2994 529 3037 ac
553 2973 661 3056 potius
689 2974 830 3038 detortas
853 2996 931 3038 esse.
966 2971 1052 3051 Nam
1073 2995 1145 3037 cum
1167 2971 1371 3038 Aristarchus

206 3080 419 3160 observasset,
444 3073 582 3162 βάλλειν
609 3081 670 3144 dici
696 3082 918 3146 tantummodo
941 3082 980 3145 de
1002 3081 1125 3144 eminus
1145 3080 1230 3144 iacto
1251 3077 1373 3156 missili,

204 3209 309 3270 neque
330 3187 447 3250 idcirco
471 3185 685 3251 offenderetur
704 3187 780 3266 isto,
803 3209 867 3271 quo
887 3186 1046 3253 Homerus
1067 3188 1184 3264 utitur,
1211 3179 1374 3264 σχεδόθεν

204 3288 298 3375 βάλε,
321 3294 470 3358 inventus
493 3298 542 3358 est
564 3293 619 3377 qui
641 3315 680 3358 ex
699 3293 758 3358 illa
778 3295 957 3359 rectissima
979 3294 1202 3359 observatione
1224 3314 1372 3377 perverse

206 3401 414 3466 contenderet
428 3395 589 3480 σχεδόθεν
602 3393 704 3483 βάλεν
719 3400 880 3481 (videlicet
886 3402 1045 3466 contraria
1053 3401 1126 3484 sibi)
1142 3423 1208 3464 non
1218 3401 1373 3486 coniungi

157 3517 190 3569 60
207 3530 312 3592 posse.
348 3508 425 3573 Fuit
445 3509 472 3572 is
494 3507 654 3589 Seleucus,
674 3507 805 3571 minime
825 3507 979 3593 ignobilis
995 3507 1239 3594 grammaticus:
1261 3530 1290 3574 v,
1306 3507 1372 3572 sch.

206 3614 236 3679 V
258 3616 298 3679 ad
324 3618 362 3677 Π
382 3620 450 3682 807.
492 3613 614 3698 Inepte.
657 3617 687 3676 P
705 3620 765 3682 000
794 3608 812 3678 ό
839 3610 900 3700 γάρ
927 3609 954 3700 ῥ’
982 3609 1083 3697 ἔβαλε
1109 3612 1224 3692 σχεδὸν
1250 3609 1372 3678 ἐλθών.

206 3721 301 3798 Quod
320 3722 396 3786 hinc
419 3723 584 3786 didicimus
608 3722 696 3804 ipsos
723 3721 896 3805 discipulos
922 3744 1019 3806 prave
1045 3743 1277 3805 nonnunquam
1298 3721 1373 3785 Ari-

206 3829 324 3893 starchi
341 3830 519 3894 doctrinam
533 3830 760 3913 interpretatos
776 3851 854 3908 esse,
876 3851 913 3893 eo
929 3833 1056 3894 utemur
1076 3831 1109 3894 in
1131 3829 1285 3913 proximo,
1308 3850 1372 3912 quo

205 3936 269 3999 iam
290 3935 421 4001 festinat
442 3938 554 4001 oratio.

288 4167 307 4250 ἕ
322 4174 350 4233 2.
379 4166 419 4233 Π.
448 4161 585 4248 βάλλειν
598 4161 672 4231 τινά
688 4189 754 4231 non
770 4166 928 4252 significat
949 4167 1034 4253 apud
1048 4168 1225 4233 Homerum
1245 4171 1372 4252 „petere

207 4273 372 4358 aliquem“,
395 4275 450 4338 sed
471 4279 681 4359 ‚,peroutere.“

288 4381 349 4464 (Ea
369 4383 532 4466 percussio
558 4384 646 4466 quod
672 4385 728 4447 aut
749 4403 822 4445 cum
843 4380 974 4447 vulnere
992 4385 1042 4446 est
1062 4386 1119 4446 aut
1140 4382 1208 4447 sine
1229 4383 1372 4462 vulnere,
