3046 4980
234 343 294 404 262
686 334 732 388 IV.
754 333 796 389 De
812 332 951 403 prosodia.

233 505 305 566 tum
326 522 444 566 nomen
467 505 524 580 est,
546 501 647 588 epigr.
663 501 739 568 (lell.
754 500 855 568 XLIII
878 500 935 585 <LI
957 498 1070 582 seha>
1092 497 1170 576 (ul
1192 521 1223 583 p.
1244 505 1305 566 222
1326 497 1403 581 Iao.)

232 609 285 674 vel
305 608 546 693 unguentariae,
568 608 669 693 epigr.
688 609 775 674 Asel.
791 606 912 674 XXVII
934 607 982 688 (T.
998 606 1058 692 Ip.
1077 613 1135 675 150
1155 606 1353 692 (natural.
1372 606 1403 672 V

237 720 304 795 181,
318 714 375 800 9>).
407 714 562 782 Similiter
583 717 791 782 statuendum
813 716 851 780 de
873 713 938 778 illis
959 713 1149 780 Homericis.
1184 714 1316 795 Auctor,
1330 737 1403 780 cum

234 823 313 888 haec
334 823 465 888 nomina
486 821 588 902 finxit,
610 845 676 887 non
697 824 874 908 sapientiae
895 821 1073 900 severitate,
1095 822 1160 901 sed,
1182 822 1270 905 quod
1289 823 1325 886 in
1343 823 1404 886 hac

236 930 424 1014 quaestione
448 930 535 994 idem
557 934 620 1008 est,
646 930 752 1014 poesis
773 929 987 995 delectatione
1009 929 1123 994 ductus
1145 933 1206 1007 est,
1230 929 1325 994 sicuti
1349 931 1404 1015 qui

234 1037 416 1102 Phaeacum
446 1038 578 1102 nomina
602 1037 696 1102 finxit
723 1040 750 1099 θ
779 1036 901 1104 111111.
937 1036 1026 1121 Ergo
1056 1036 1119 1101 hoc
1149 1037 1234 1114 dico,
1265 1038 1322 1122 qui
1349 1061 1404 1103 ex·

236 1144 401 1230 cogitabat
420 1145 500 1210 haec
514 1145 654 1220 nomina,
675 1143 818 1209 noluisse
832 1165 888 1209 eos
902 1143 960 1227 qui
974 1143 1122 1208 audirent
1135 1143 1405 1228 significationem

235 1252 343 1330 celari,
371 1253 427 1317 sed
447 1252 606 1336 placuisse
628 1252 690 1316 sibi
712 1251 814 1316 sicubi
836 1251 1040 1316 commodum
1063 1253 1148 1316 esset
1167 1251 1202 1314 in
1223 1253 1404 1336 aperiendo.

235 1361 341 1438 Quare
362 1382 423 1425 nec
443 1359 507 1424 alio
529 1358 626 1424 modo
649 1359 689 1423 ad
703 1357 907 1423 muliebrium
921 1356 1164 1422 similliudr'nem
1179 1358 1405 1426 transformare
1473 1401 1476 1408 ·

234 1467 337 1532 voluit
362 1489 422 1532 nec
444 1463 598 1552 Νημὲρτη
627 1457 998 1551 disceptabatque),
1024 1465 1080 1530 sed
1108 1464 1214 1529 tenuit
1237 1457 1407 1553 Ἀψευδής

235 1577 268 1639 et
289 1566 465 1660 Νημερτής
489 1574 708 1640 adiectiva¹⁷³.
750 1572 820 1639 Nec
852 1574 892 1638 ab
921 1573 1041 1638 nostris
1065 1572 1171 1656 poetis
1197 1572 1275 1638 talia
1302 1573 1407 1639 aliena
1507 1570 1509 1581 '

235 1685 320 1746 sunt.
362 1679 416 1746 Sic
448 1681 484 1745 in
512 1682 651 1746 carmine
680 1681 719 1746 de
751 1680 868 1746 callida
896 1679 1066 1764 vulpecula
1092 1701 1200 1758 ursus,
1225 1679 1260 1743 in
1285 1703 1350 1764 quo
1372 1681 1406 1745 in

234 1789 399 1875 proprium
421 1788 540 1854 evaluit
561 1812 581 1853 a
602 1789 710 1854 colore
725 1792 854 1872 sumpta
869 1786 1096 1866 denominatio,
1111 1787 1247 1852 subinde
1262 1787 1406 1872 appella-

237 1900 291 1961 tur
316 1892 519 1970 ε’ττιθιτικῶς
546 1896 615 1978 (der
640 1896 790 1978 Breune).
822 1937 861 1947 —
895 1888 1081 1980 Νημερτής,
1115 1916 1211 1978 quam
1239 1897 1406 1960 commode

234 2004 329 2069 nobis
362 2025 527 2069 occurrere
558 2003 695 2069 vidimus
723 2003 756 2067 in
779 2003 1017 2087 Empedoclem,
1038 2002 1172 2067 'transiit
1205 2023 1334 2085 quoque
1366 2003 1407 2066 ad

234 2111 421 2190 Hesiodum,
442 2109 567 2196 Theog.
586 2115 647 2177 262

317 2217 493 2303 Νημερτής
513 2208 562 2292 θ’,
587 2207 610 2302 ip*
630 2214 758 2298 πατρὸς
779 2210 846 2296 ἔχει
866 2208 944 2282 νόον
967 2209 1168 2285 ἀθανάτοιο.

153 2320 222 2391 (²⁷⁵)
235 2325 335 2390 Vides
363 2328 397 2390 et
421 2324 508 2388 hune
533 2327 664 2408 poetam
687 2325 861 2404 advertisse
886 2326 1026 2391 nominis
1052 2324 1337 2410 significationem,
1369 2329 1406 2390 ut

235 2431 416 2516 explicaret.
457 2431 577 2496 Herod.
605 2432 719 2497 Arcad
740 2456 771 2517 p.
792 2439 831 2500 28
851 2430 893 2497 τὰ
920 2426 968 2509 εἰς
992 2455 1049 2519 της
1075 2425 1315 2514 πολυσύλλαβα
1339 2433 1405 2516 ,2η-

235 2535 318 2603 λυκὰ
339 2533 548 2622 βαρύνονται.
583 2534 620 2603 τὸ
638 2534 675 2602 δὲ
689 2534 850 2625 νημερτής
871 2533 1042 2607 ἐπίθετον.
1077 2540 1126 2604 De
1141 2539 1214 2603 loco
1230 2538 1404 2604 Homerico

234 2647 365 2731 cogitat
403 2646 557 2712 Conferas
580 2646 840 2712 Choeroboseum
862 2648 902 2712 ad
920 2646 1080 2713 Theodos.
1103 2670 1134 2730 p.
1154 2651 1234 2713 173a
1254 2646 1341 2730 (352,
1367 2654 1404 2714 18

235 2753 350 2838 (laiss.)
367 2751 405 2818 τὸ
423 2746 583 2839 νημερτής
603 2745 802 2835 ὀξυνόμενον
823 2747 869 2830 ὡς
888 2752 981 2837 παρὰ
1000 2756 1048 2838 τῷ
1068 2756 1191 2842 ποιητῇ
1204 2746 1405 2838 »Νημερτής

234 2882 270 2925 τι
297 2857 354 2925 καὶ
382 2853 551 2947 Ἀψευύής
579 2869 642 2908 -“
672 2853 733 2926 οὐκ
761 2854 943 2925 ἀντίκειται
975 2856 1067 2947 ἡμῖν,
1100 2857 1219 2947 ἐπειδὴ
1243 2852 1404 2925 ἐπίθετόν

234 2962 331 3047 ἐστιν,
355 2955 429 3033 οἷον
449 2962 467 3032 ὁ
490 2966 650 3054 νημερτής
671 2960 854 3052 ι’ύνθρωντος
875 2964 932 3032 καὶ
952 2961 972 3054 ή
999 2964 1156 3054 νημερτής
1177 2961 1257 3055 γυνή
1272 2986 1326 3015 -·
1348 2963 1406 3031 καὶ

235 3072 357 3141 λοιπὸν
378 3069 551 3159 γινόμενον
572 3075 684 3161 κύριον
704 3073 764 3163 τήν
785 3069 885 3162 αύτήν
906 3069 1002 3141 τύσιν
1024 3069 1176 3163 ἐφύλαξε.

170 3284 219 3334 161
318 3269 388 3351 §8-
431 3268 502 3333 Hoc
528 3269 629 3354 igitur
661 3269 841 3353 exemplum
868 3266 1009 3337 declarat
1029 3266 1064 3333 in
1084 3264 1250 3331 vocabulis
1271 3267 1405 3331 accentu

235 3374 471 3460 distinguendis
496 3375 620 3442 ratione
646 3376 695 3440 uti
716 3375 939 3441 Aristarchum
959 3378 992 3440 et
1012 3371 1263 3458 haudquaquam
1284 3376 1405 3437 temere

234 3502 339 3564 agere.
378 3471 467 3548 Haec
490 3483 691 3569 praeparatio
715 3487 783 3549 esto
811 3485 848 3548 ut
869 3482 937 3547 sine
960 3480 1076 3549 erroris
1097 3480 1238 3565 periculo
1259 3479 1405 3563 legamus

151 3583 156 3589 ’
234 3588 314 3653 haee
334 3588 520 3668 Herodiaui‚
543 3591 584 3657 ad
605 3592 635 3652 B
658 3595 716 3657 153
740 3581 880 3677 οὐρούς
900 3581 926 3652 τ’
951 3583 1189 3673 ἐξεκάθαιρονε
1210 3579 1405 3672 ἀνεγνώσθη
1440 3578 1441 3582 ’

303 3788 341 3829 ¹⁷2
356 3789 507 3852 Ναύπλιος
524 3789 693 3858 Κλυτονήου
715 3788 903 3858 Ναυβολίδαο
922 3787 1050 3857 Apollon.
1073 3786 1124 3840 Rh.
1143 3788 1156 3839 l
1175 3791 1231 3842 134,
1249 3784 1340 3839 -01
1358 3784 1405 3840 ob·

236 3871 420 3927 servationem
432 3871 585 3927 Aristarchi
598 3867 645 3927 ὅτι
658 3863 935 3939 ύνοματοθετικόςὸ
954 3874 1082 3942 ποιητής.
1113 3873 1139 3926 Ε
1150 3875 1190 3927 60.
1209 3873 1233 3924 Ζ
1245 3874 1284 3925 18.
1304 3870 1338 3923 Μ
1347 3874 1405 3924 342.

303 3957 341 3999 113
358 3957 570 4012 Attendendum
582 3956 636 4012 erit
650 3956 686 4010 ad
697 3953 865 4009 feminarum
877 3955 992 4010 nomina
1009 3955 1039 4009 in
1058 3974 1097 4022 ος,
1116 3972 1188 4024 quae
1205 3971 1298 4024 pauca
1314 3957 1406 4015 erunt.

231 4033 318 4107 Ἄλος,
334 4059 360 4097 v.
379 4041 474 4111 Steph.
493 4041 522 4095 B.
542 4060 561 4095 s.
580 4058 605 4095 v.
622 4033 771 4108 Ἄτροπος.
792 4039 972 4111 Πάνδροσος.
987 4035 1149 4109 Ἄγλαυρος.
1166 4070 1200 4080 -
1218 4036 1405 4111 Πύρκαλοςή

235 4121 371 4188 Χίλωνος
387 4125 518 4195 θυγάτηρ
530 4123 662 4178 Herodot.
676 4123 765 4180 vles.
790 4120 916 4195 Αύρηλίηι
928 4118 1073 4198 Προσύδῳ
1084 4122 1113 4179 0.
1125 4123 1146 4176 I.
1160 4126 1235 4180 6562.
1246 4153 1280 4163 -
1291 4119 1405 4194 Νημέρ-

235 4226 286 4277 της
306 4210 335 4263 et
355 4200 490 4278 Ἄψιύδης
509 4208 634 4277 profecto
657 4205 768 4262 Graecis
794 4207 905 4262 auribus
926 4224 984 4261 non
1005 4208 1143 4262 sonabant
1164 4206 1219 4261 nisi
1241 4205 1334 4262 virilia
1355 4223 1405 4261 no·

235 4291 484 4433 palinahrtlpeddqc
494 4293 598 4349 archon
609 4291 691 4351 Diod.
705 4297 744 4357 12,
757 4297 797 4350 31.
823 4292 935 4362 Εὐειιὴς
950 4308 1053 4346 nomen
1069 4292 1207 4362 γυναικὸς
1217 4296 1406 4362 μουσουργοῦ

272 4375 317 4449 cip
353 4419 359 4434 .
410 4380 449 4432 12.
