3046 4980
243 343 303 405 324
692 331 739 389 IV.
763 332 804 389 De
821 333 959 405 prosodia.

160 468 326 600 (AAA)E⁰⁰e
354 499 472 566 iterum
501 500 536 564 in
557 500 747 585 asperrimos
769 502 921 587 strepitus
948 501 1132 582 incidimus,
1159 505 1196 567 ut
1215 502 1304 587 quod
1325 503 1411 568 oculi

241 610 384 696 gaudent
414 607 545 673 doleant
575 630 677 677 aures.
705 645 747 657 -
773 609 823 675 Ita
852 608 1008 694 aspirasse
1035 608 1250 687 Athenienses
1279 613 1413 694 propter

158 724 229 793 (343)
242 716 419 784 certissima
438 715 613 781 illustrium
635 717 918 802 grammaticorum
931 716 1117 781 testimonia
1133 715 1271 781 dubitari
1288 717 1412 802 nequit.

238 825 356 891 Athen.
376 821 421 888 IX
442 848 471 909 p.
494 829 575 893 3970
596 811 684 900 ταιύς
706 819 743 889 δὲ
764 820 917 909 λέγουσιν
933 818 1128 910 Ἀθηναῖοι,
1153 818 1198 901 δίς
1219 845 1302 912 φησι
1326 819 1411 911 Τρύ-

239 955 326 1021 φων,
359 928 420 1019 τὴν
450 925 641 996 τελευταίαν
671 929 840 1020 συλλαβὴν
868 932 1093 1015 περισπῶντες
1120 928 1189 1023 καί,
1209 925 1411 1011 δασύνοντες.

238 1038 295 1106 καὶ
317 1032 581 1125 ἀναγινώσκουσι
601 1035 672 1123 μὲν,
684 1035 789 1117 ούτως
809 1032 887 1124 παρ’
900 1034 1080 1105 Ἐύπόλιδι
1101 1034 1135 1104 ἒν
1150 1031 1409 1125 Ἀστρατεύτοις,

237 1141 414 1234 πρόκειται
440 1144 477 1214 δὲ
501 1145 540 1214 τὸ
561 1140 742 1233 μαρτύριον
763 1149 835 1230 (397
844 1150 870 1231 0)
877 1199 886 1230 ,
915 1144 972 1213 καὶ
994 1139 1192 1233 ἐν’Όρνισιν
1209 1140 1411 1238 Ἀριστοφά-

238 1279 314 1334 νους
336 1257 422 1342 (101)

323 1361 447 1451 Τηρεὺς
467 1362 529 1449 γὰρ
553 1353 583 1428 εί
603 1358 661 1444 σύ,
682 1360 823 1450 πότερον
845 1356 936 1450 ύρνις
959 1352 1104 1451 lincoln·
1167 1414 1169 1418 a

237 1470 293 1538 καί
312 1466 417 1537 πάλιν
440 1472 525 1556 (269)

318 1572 409 1666 ύρνις
431 1580 523 1667 δη”τα.
545 1575 596 1658 τίς
617 1573 689 1646 ποτ’
714 1574 818 1660 ἐστίν,
842 1573 880 1646 ού
904 1574 947 1668 δη’
967 1603 1034 1646 που
1055 1567 1160 1659 ταῶς·

169 1699 218 1755 329
236 1683 371 1773 λέγουσι
394 1684 431 1753 δὲ
452 1685 510 1755 καί
529 1685 589 1776 την
607 1687 747 1783 7δοτικὴν
767 1675 887 1765 ταῶνι,
911 1682 956 1765 ὡς
978 1684 1012 1753 ἐν
1031 1692 1076 1774 τῷ
1097 1680 1186 1773 αύτῷ
1204 1680 1409 1774 Ἀριστοφά-

235 1820 291 1884 νης
311 1798 406 1881 (884).
447 1797 617 1864 Praeterea
638 1796 764 1865 Seleuci
797 1797 1019 1865 testimonium
1046 1800 1095 1863 est
1120 1797 1164 1863 ib.
1192 1819 1222 1881 p.
1242 1801 1325 1865 3982
1345 1792 1409 1860 Σέ-

234 1903 350 1983 λευκος
371 1898 402 1969 δ’
421 1901 456 1969 ἐν
475 1908 521 1992 τῷ
540 1902 683 1992 πέμπτῳ
705 1903 782 1991 περὶ
800 1899 1031 1992 Ἑλληνισμοῦ·
1060 1891 1187 1989 ,,ταῶς·’
1205 1897 1410 1991 παραλόγως

235 2009 272 2077 δὲ
303 2007 335 2078 οἳ
359 2005 505 2080 Ἀττικοί
534 2011 591 2079 καί
622 2007 800 2078 δασύνουσι
830 2015 887 2078 καὶ
918 2013 1141 2097 περισπῶσιέί.
1187 2011 1290 2079 Tertii
1315 2015 1408 2079 testis

234 2121 414 2209 gravissimi
436 2121 605 2208 Apollonii
627 2122 722 2207 (synt.
735 2145 776 2207 p.
800 2123 873 2204 319)
899 2122 965 2187 iam
991 2125 1086 2186 antea
1109 2121 1308 2186 mentionem
1329 2121 1408 2188 feci-

232 2252 315 2297 mus.
348 2229 506 2315 Exceptio
522 2252 633 2296 ansam
650 2230 740 2296 dedit
756 2231 794 2297 de
811 2230 884 2314 lege
900 2229 1044 2295 docendi.
1072 2226 1158 2295 Nam
1173 2228 1218 2294 sic
1232 2228 1286 2294 ille
1299 2230 1409 2315 pergit

232 2338 318 2423 apud
338 2337 543 2404 Athenaeum
563 2339 669 2422 (aete)
692 2329 862 2423 ύμηχανον
884 2333 921 2402 δὲ
943 2328 1022 2419 παρ’
1037 2328 1201 2413 Ἀττικοῖς
1221 2333 1278 2401 καὶ
1293 2330 1406 2402 Ἴωσιν

232 2441 267 2509 ἓν
280 2447 351 2522 τοῖς
362 2440 445 2531 ὑπὲρ
460 2441 541 2529 μίαν
554 2441 724 2530 συλλαβὴν
739 2437 882 2529 ὀνόμασι
895 2441 956 2531 την
977 2441 1179 2508 τελευτῶσαν
1201 2434 1272 2509 ἀπὸ
1294 2438 1407 2531 φωνή-

231 2575 322 2630 εντος
344 2545 527 2642 ἀρχομένην
554 2546 770 2619 δασύνεσθαι.
812 2546 945 2629 πάντως
969 2549 1031 2637 γὰρ
1060 2541 1147 2616 εἶναι
1171 2548 1279 2639 ψιλὴν
1301 2544 1406 2637 αὐτὴν

229 2655 539 2749 παρηκολούθηκεν,
562 2650 635 2728 οἷον
656 2652 746 2740 νεδίς,
771 2653 863 2745 λειῖίς,
892 2652 1096 2743 Τυνδάρεώς,
1121 2652 1311 2739 Μενέλεώς,
1335 2660 1406 2725 λει-

228 2760 366 2851 πόνεώς,
382 2761 510 2849 εύνεῶς,
528 2764 684 2856 Νείλεώς,
699 2761 818 2855 πρᾶός,
835 2761 916 2846 atde,
937 2758 1047 2846 Κεῖός,
1065 2760 1163 2846 Χῖός,
1182 2759 1263 2846 δῖός,
1285 2761 1405 2854 χρεῖός,

227 2869 360 2956 πλεῖός,
392 2871 497 2958 λεῖός,
527 2871 638 2958 λαιύς,
665 2870 779 2963 βαιδς,
808 2871 927 2964 φαιύς,
956 2869 1052 2962 πηδς,
1078 2868 1168 2960 γόός,
1192 2868 1289 2954 θσύς,
1313 2868 1402 2960 ῥόός,

229 2977 322 3064 ζωός.
365 2981 527 3074 φίλαρχος
548 2985 610 3073 γὰρ
635 2976 718 3052 οδσα
739 2982 796 3051 καί
812 2977 994 3071 ἡγεμονικὴ
1016 2982 1074 3070 την
1096 2977 1237 3072 φύσινη
1262 2977 1405 3071 δασύτης
1464 3005 1468 3010 ·

145 3104 216 3174 (344)
228 3094 298 3170 τοῖς
311 3089 514 3173 τελευταίοις
532 3091 648 3179 μέρεσι
667 3097 732 3160 τῶν
753 3084 926 3175 ὀνομάτων
948 3084 1104 3178 ούδαμώς
1118 3086 1402 3178 ἐγκαθείργνυται.

227 3312 303 3369 trina
322 3312 372 3368 illa
394 3315 429 3370 de
446 3313 604 3370 nominibus
622 3316 652 3368 et
668 3310 770 3367 litteris
788 3311 825 3366 ad
840 3311 931 3381 ipsam
947 3312 1077 3367 naturam
1094 3308 1312 3380 significatorum
1328 3310 1403 3382 aptis

227 3397 350 3466 mysticis
362 3413 473 3467 quoque
487 3402 516 3454 et
527 3397 643 3468 magicis
660 3395 815 3452 rationibus
835 3396 1053 3451 sustentabatur.
1083 3395 1203 3451 Iuvabat
1221 3398 1316 3451 tamen
1334 3412 1397 3453 con·

227 3481 314 3536 traria
330 3482 440 3538 ratione
457 3483 494 3539 ad
511 3484 616 3538 malum
634 3497 789 3538 sermonem
807 3479 1012 3536 defendendum
1030 3480 1084 3536 uti:
1103 3480 1207 3536 Amob.
1220 3471 1283 3535 adv.
1300 3472 1400 3549 gentes

226 3565 656 3636 Ip.45ed.Paris.1605„..
677 3565 831 3624 ,Humana
853 3565 908 3619 ista
929 3569 994 3620 sunt
1015 3565 1121 3636 placita
1144 3568 1175 3620 et
1196 3565 1233 3620 ad
1249 3582 1330 3620 usum
1347 3581 1401 3620 ser-

227 3649 316 3705 monis
333 3650 455 3707 faciendi
471 3668 529 3707 non
547 3652 674 3707 omnibus
691 3649 854 3706 necessaria.
890 3648 964 3703 Nam
986 3651 1015 3704 et
1037 3649 1107 3705 haec
1124 3648 1217 3720 paries
1233 3649 1352 3706 forsitan
1370 3653 1400 3705 et

225 3733 272 3788 hic
292 3734 360 3790 sella
384 3735 439 3791 dici
462 3736 521 3791 sine
543 3736 601 3791 ulla
620 3735 836 3806 reprehensione
852 3732 988 3804 potuisset
1010 3733 1033 3788 si
1054 3734 1091 3789 ab
1109 3733 1191 3790 initio
1209 3733 1248 3789 sic
1266 3734 1322 3790 dici
1339 3735 1401 3805 pla·

227 3818 328 3875 cuisset
349 3824 378 3877 et
399 3839 416 3876 a
437 3821 619 3891 sequentibus
640 3819 756 3876 saeculis
780 3820 920 3875 communi
941 3821 1012 3874 esset
1040 3817 1070 3872 in
1091 3818 1322 3875 sermocinatione
1344 3837 1399 3875 ser·

225 3905 348 3962 vatum“.
365 3935 399 3946 —
418 3905 599 3961 Grammatici
621 3905 720 3961 Graeci
736 3903 876 3970 meliores,
898 3902 929 3956 in
951 3919 1007 3971 qua
1030 3919 1060 3957 re
1083 3902 1142 3958 sine
1161 3903 1247 3959 dubio
1264 3903 1399 3973 aliquam·

225 3987 523 4053 multumArisaarcho
546 3990 665 4046 debetur
681 3989 712 4044 in
729 3988 870 4044 Cratetem
887 3987 1006 4052 nitenti,
1019 3987 1162 4062 ¹uidentur
1178 3988 1209 4042 in
1225 3988 1278 4043 hoc
1296 4003 1399 4058 genere

225 4071 379 4141 permodici
407 4073 498 4130 fuisse.
538 4074 672 4145 Inspicias
700 4073 784 4129 modo
814 4089 886 4142 quae
914 4071 945 4125 in
973 4088 1057 4150 supra
1085 4070 1176 4128 allatis
1203 4074 1398 4144 occurrerunt:

226 4173 397 4227 quamquam
412 4175 470 4214 non
487 4159 583 4215 dedita
600 4177 685 4231 opera
702 4159 779 4214 hunc
794 4157 888 4213 locum
904 4153 1152 4228 pertractabamus.
1186 4157 1270 4228 Apud
1286 4157 1398 4228 Apollo-

225 4240 303 4295 nium
319 4258 405 4312 pron
415 4262 441 4314 p.
460 4249 490 4300 31
510 4245 654 4315 quaeritur
676 4263 725 4300 cur
741 4245 798 4311 τίς,
822 4243 845 4298 si
863 4259 966 4298 nomen
984 4246 1026 4298 est
1044 4242 1278 4312 monosyllabum,
1299 4245 1399 4323 contra

224 4326 351 4396 regulam
367 4327 452 4385 breve
470 4328 518 4400 sit,
541 4324 630 4397 ,ἴσως
652 4327 685 4386 δὲ
706 4331 757 4385 καὶ
779 4330 796 4400 η
814 4325 959 4395 σύντομος
982 4330 1033 4398 τῆς
1048 4322 1181 4393 πεύσεως
1198 4319 1348 4399 α’νύκρισις
1363 4321 1401 4384 τδ

223 4407 340 4484 μικρὸν
358 4434 368 4468 ι
384 4417 601 4487 παρῃτήσατο.“
