3008 4980
664 337 687 388 3.
711 336 799 403 τρεῖν.
1117 320 1120 324 ’
1275 340 1314 400 79

146 498 294 563 technico
316 497 472 563 vocabulo
494 499 615 562 dietum
643 502 692 564 est
717 498 872 576 inbelle,
898 497 956 562 ubi
983 496 1039 561 illa
1061 498 1246 562 retractatio
1270 498 1316 563 ita

145 605 215 669 fieri
237 604 329 688 solet,
349 609 387 670 ut
407 604 514 670 locum
537 609 721 690 statumque
744 599 762 670 ὃ
784 601 888 688 τρέων
909 626 976 669 non
997 607 1121 685 teneat,
1144 598 1203 669 οὐκ
1225 599 1317 685 ἐμει-

146 734 199 775 νεν
214 705 286 775 ἀλλ’
303 706 423 798 ἔτρεσε,
447 715 502 779 sed
523 712 669 778 celeriter
688 714 723 778 in
745 713 856 798 fugam
877 731 911 777 se
933 715 1122 776 convertens
1144 712 1316 798 profugiat.

144 819 225 898 Nos,
248 825 281 885 et
301 820 338 884 fit
358 821 432 886 inde
455 824 492 886 nt
514 821 675 886 difficilius
695 820 930 906 intelligamus,
951 819 1145 885 vocabulum
1167 820 1255 905 quod
1275 821 1316 885 ad

146 950 258 992 omnes
274 927 386 993 Graeci
400 928 549 993 vocabuli
562 928 664 992 flexus
686 951 720 992 se
742 928 963 993 accommodet
983 950 1049 992 non
1071 928 1235 1007 hahemus
1256 950 1328 993 nect

144 1034 267 1101 hebent
287 1035 403 1103 Latini.
439 1035 598 1123 Virgilius
619 1036 700 1101 Aen.
714 1034 774 1100 ΧΠ
790 1041 850 1103 889
873 1035 962 1113 Quae
984 1057 1070 1100 nunc
1092 1035 1205 1101 deinde
1226 1058 1316 1101 mora

146 1145 217 1205 est?
239 1146 295 1206 aut
317 1143 394 1226 quid
414 1144 479 1208 iam
500 1142 608 1209 Turne
630 1146 805 1208 retractas?
835 1141 912 1209 Non
937 1165 1045 1222 cursu,
1066 1143 1168 1208 saevis
1190 1146 1315 1208 certan-

145 1249 222 1312 dum
250 1254 299 1313 est
320 1251 465 1316 cominus
486 1252 583 1316 armis
605 1289 645 1298 -
666 1250 723 1316 illo
750 1254 939 1332 „retractas“
960 1251 1139 1334 putaverim
1160 1250 1315 1316 Graecum

143 1358 232 1440 τρεῖν
256 1357 432 1441 exprimere
458 1359 608 1424 voluisse.
654 1358 748 1436 Quod
779 1358 819 1422 ad
851 1380 910 1422 nos
940 1358 1057 1422 attinet
1082 1380 1147 1422 uno
1174 1357 1314 1424 alterove

144 1462 217 1529 loco
245 1465 279 1528 in
309 1487 344 1529 re
374 1467 489 1532 bellica
523 1467 642 1531 sentias
674 1465 789 1531 melius
816 1488 913 1550 quam
945 1465 1096 1546 ‚‚fliehen“
1122 1465 1314 1549 respondere

144 1571 331 1651 ‚,fli'rohten“,
354 1596 392 1638 eo
415 1596 525 1651 sensa,
550 1596 647 1658 quem
667 1573 767 1637 habet
788 1595 1030 1656 nonnunquam,
1052 1594 1149 1656 quem
1169 1571 1315 1637 Adelun-

144 1680 218 1764 gius
240 1680 290 1744 his
311 1681 418 1744 verbis
441 1680 607 1746 describit:
629 1680 802 1760 „fliichtem
825 1682 918 1746 einen
941 1680 1000 1744 Ort
1021 1702 1076 1744 zur
1093 1679 1314 1765 Vermeidung

147 1786 235 1850 einer
257 1785 375 1851 Gefahr
395 1787 520 1853 schnell
539 1788 607 1852 und
629 1788 768 1874 eilfertig
788 1787 975 1853 verlassen“.
1012 1779 1141 1871 ἀνδρῶν
1161 1781 1314 1870 τρεσσάν-

139 1917 205 1958 των
231 1889 285 1958 ὅτε
298 1917 334 1958 τε
348 1892 432 1972 Ζεὺς
453 1891 488 1959 έν
510 1891 619 1981 φόβον
641 1887 731 1982 ὅροη.
765 1896 810 1960 Et
831 1896 871 1960 ad
892 1895 976 1959 hanc
997 1893 1191 1959 retractandi
1213 1894 1314 1979 signi-

141 2001 327 2066 ficationem
353 2008 386 2067 et
411 2003 492 2069 illud
517 2003 659 2087 pertinet
684 2005 723 2069 de
746 2003 877 2070 Socrate
904 2002 937 2065 in
959 2001 1132 2068 Phaedone
1158 2000 1236 2068 117b
1257 1998 1315 2066 καί

141 2103 212 2190 ἅμα
238 2101 338 2194 ιῖίρεξε
364 2108 422 2197 τήν
447 2107 567 2175 κύλικα
592 2113 639 2196 τῷ
659 2090 838 2196 Σωκράτει.
872 2106 930 2173 καί
952 2099 1362 2192 &circumlustrare

139 2215 246 2295 ἵλεως,
277 2211 373 2282 οὐδέν
399 2213 517 2302 τρέσας
539 2211 618 2283 οὐδὲ
640 2212 845 2307 διαφθείρας
866 2209 941 2283 οὔτε
965 2219 1024 2281 τοῦ
1044 2211 1218 2301 χρώματος
1240 2209 1315 2283 oilae

138 2326 199 2389 τοῦ
224 2319 424 2410 προσώπου,
453 2318 525 2390 ἀλλ’
551 2322 663 2410 ὥσπερ
690 2319 806 2390 εἰώθει
827 2321 990 2412 ταυρηδὸν
1008 2318 1211 2410 ὑποβλέψας
1229 2321 1318 2408 πρὸς-

138 2427 194 2498 τδν
216 2426 413 2519 ἄνθρωπον,
441 2436 528 2518 quod
550 2436 681 2500 minime
703 2439 752 2500 est
779 2433 874 2514 „nihil
896 2433 1040 2510 timens“,
1063 2432 1120 2497 sed
1140 2430 1240 2513 „nihil
1262 2453 1312 2497 re·
1349 2508 1353 2523 .

138 2544 311 2606 tractans“:
336 2565 467 2626 prorsus
488 2547 526 2607 ut
545 2542 624 2608 Xen.
646 2543 749 2607 Anah.
769 2541 785 2606 I
806 2549 840 2624 9,
863 2547 881 2608 6
909 2538 966 2605 καί
990 2533 1110 2624 ίίρκτον
1131 2535 1215 2605 ποτέ
1236 2535 1313 2603 έπι-

140 2646 326 2738 φερομένην
353 2643 414 2714 οὐκ
440 2643 581 2736 ἔτρεσεν,
609 2643 696 2714 ἀλλὰ
719 2643 896 2731 συμπεσὼν
918 2643 1137 2734 κατεσπάσθη
1161 2640 1231 2713 ἀπὸ
1253 2650 1313 2712 τοῦ

137 2755 256 2822 ἵππου.
290 2757 328 2822 In
349 2757 516 2829 Plutarchi
532 2757 684 2844 Agesilao
708 2781 734 2822 c.
759 2766 796 2824 11
820 2756 859 2821 de
873 2756 1024 2840 Agesilao
1047 2780 1066 2821 a
1087 2756 1177 2822 basio
1198 2755 1310 2842 Mega-

136 2866 209 2929 boti
234 2866 360 2950 pulchri
385 2866 477 2950 pueri
499 2888 533 2930 se
555 2866 738 2930 abstinente
760 2886 864 2929 senno
887 2868 936 2928 est
957 2865 1090 2949 eiusque
1113 2863 1312 2928 continentia

136 2972 337 3037 vocabulisa
357 2995 469 3058 pugna
491 2974 646 3038 desumtis
669 2972 868 3038 describitur.
904 2970 955 3036 Ibi
971 2976 1004 3036 et
1017 2972 1096 3036 haec
1111 2973 1201 3037 sunt:
1225 2967 1310 3057 φυγή

135 3082 196 3144 τοῦ
218 3073 422 3168 φιλήματος,
452 3083 484 3145 et
505 3102 594 3145 mox:
622 3077 660 3145 σὺ
688 3070 747 3159 οὐχ
772 3073 920 3155 ὑποστὰς
946 3072 1033 3142 ἀλλὰ
1054 3075 1172 3164 τρέσας
1190 3073 1228 3144 τὸ
1252 3071 1311 3165 φί-

138 3183 227 3272 λημα
245 3189 304 3252 τοῦ
323 3186 428 3252 καλοῦ
447 3185 504 3252 καί
525 3183 706 3277 φοβηθείς·
729 3181 805 3251 ἐπεί
819 3183 876 3251 καί
894 3188 950 3251 νῦν
972 3178 1012 3251 δν
1033 3181 1137 3252 ἔλθοι
1157 3207 1213 3250 σοι
1233 3207 1310 3272 πει-

137 3290 235 3370 σθείς
245 3289 370 3373 ἐκεῖνος
383 3290 475 3372 ἐντὸς
490 3287 693 3383 φιλήματος·
716 3287 789 3358 ἀλλ’
807 3290 900 3372 ὅπως
915 3284 1018 3372 αὖθις
1033 3287 1093 3359 οὐκ
1108 3285 1309 3359 ἆποδειλιοί-

136 3424 215 3479 σεις.
253 3397 371 3489 χρόνον
393 3393 451 3468 οὖν
473 3426 548 3467 τινα
569 3399 652 3486 πρὸς
673 3396 779 3489 ἑαυτῷ
800 3397 976 3488 γενόμενος
997 3399 1015 3467 ὁ
1034 3395 1232 3488 Ἀγησίλαος
1252 3399 1309 3467 καί

138 3504 371 3597 διασιωπήσας
395 3505 544 3589 ,,οὖδέν“
568 3504 633 3600 ἔφη
656 3510 792 3591 ,,δεινὸν
813 3506 950 3576 πείθειν
970 3503 1058 3592 ὑμᾶς
1079 3507 1217 3575 ἐκεῖνον·
1243 3505 1307 3596 ἐγώ

137 3612 199 3702 γάρ
213 3640 274 3701 μοι
289 3619 376 3684 δοκῶ
388 3615 485 3707 τήναν
498 3617 559 3683 τὰν
572 3615 681 3702 μάχαν
694 3618 755 3684 τὰν
769 3618 917 3703 περὶτοῦ
939 3610 1130 3706 φιλήματος
1150 3615 1249 3683 δίδιον
1270 3611 1310 3683 ‹ib›

134 3721 306 3808 μάχεσθαι
327 3721 432 3791 πάλιν
454 3719 476 3815 ἢ
496 3721 605 3792 πάντα
628 3722 691 3793 ὅσα
708 3723 877 3810 τεθέαμαι
895 3720 1013 3811 χρυσία
1033 3749 1094 3810 μοι
1116 3722 1309 3810 γενέσθαι.“

218 3833 378 3900 Attendas
406 3857 447 3900 ne
472 3835 526 3900 hic
555 3837 685 3920 quidem
714 3838 749 3901 in
769 3838 868 3902 verbo
890 3831 1007 3922 τρέσαι
1027 3834 1105 3900 satis
1128 3856 1309 3920 expressam

135 3941 269 4007 infuisse
283 3943 449 4009 notionem
464 3944 598 4025 timoris,
619 3967 694 4010 nam
707 3945 787 4009 haec
800 3965 859 4028 per
873 3966 907 4009 se
929 3943 1038 4008 addita
1052 3939 1110 4006 καὶ
1131 3940 1307 4031 φοβηθείς.

134 4047 173 4114 In
196 4051 263 4114 acie
284 4049 456 4116 Homerica
478 4055 511 4116 et
531 4052 616 4136 apud
637 4052 751 4118 heroes
774 4050 984 4117 nullomodo
1005 4073 1063 4135 per
1085 4074 1120 4117 se
1142 4056 1236 4136 turpe
1259 4055 1308 4117 est

134 4155 264 4242 τρέσαι,
294 4180 353 4223 nec
385 4163 434 4224 est
463 4180 522 4224 nec
544 4163 748 4244 exspectatur
776 4180 902 4244 semper
928 4180 997 4224 esse
1025 4154 1161 4245 σταδίην
1187 4154 1307 4245 μάχηνε

135 4265 172 4331 fit
201 4265 282 4332 illud
306 4262 422 4349 τρέσαι
451 4267 492 4332 ab
518 4267 584 4333 illis
614 4289 709 4353 saepe
736 4267 827 4332 firmo
856 4286 916 4330 neo
937 4266 1063 4351 trepido
1092 4267 1242 4344 consilio,
1274 4269 1307 4330 et

136 4394 200 4456 quo
215 4375 287 4458 quis
308 4375 354 4439 ita
372 4374 526 4439 inclinata
547 4376 614 4441 acie
635 4375 771 4460 pedibus
792 4374 933 4439 velocior
953 4396 992 4441 eo
1015 4375 1119 4460 magis
1140 4374 1306 4440 laudatur:
