3008 4980
443 330 467 382 3.
491 320 572 396 ὄχθη,
592 318 727 397 κρημνός.
753 325 839 382 πύλαι
857 330 886 381 ct
903 321 1001 398 θύραι.
1246 338 1303 399 125

134 486 276 568 ἑκάστας
298 491 349 556 δεῖ
370 485 523 579 γράφειν·
547 486 710 557 οὐδέποτε
729 490 793 577 γὰρ
816 487 932 572 ἓνικιύς
945 489 1093 580 Ὅμηρος
1114 490 1220 582 πύλην
1242 519 1303 583 φη-

134 597 200 684 σίν,
229 593 316 662 άλλύι
338 593 492 676 πύλαςΉ.
532 600 655 666 Eadem
677 603 899 667 observatione
927 603 1144 669 dubitationes
1174 604 1305 669 sustulit

135 709 174 772 de
195 730 288 772 muro
311 707 513 774 Graecorum.
553 708 649 773 Multi
678 709 763 773 enim
783 708 901 793 plurali
923 710 1049 794 decepti
1070 713 1109 792 (e,
1133 733 1164 797 g.
1187 715 1226 774 H
1243 717 1304 779 438

135 813 171 879 έν
193 809 223 879 d’
249 808 379 880 αύτοῖσι
397 811 506 892 πύλας
528 809 697 880 ἐνεποίεον
718 806 754 879 ed
776 808 986 900 άραρυίαςῖῖ)
1001 817 1109 901 plures
1124 819 1158 882 in
1173 841 1211 884 eo
1227 841 1304 884 con-

135 925 265 988 stitutas
279 924 377 988 fuisse
392 928 502 1009 portas
516 928 679 1008 putarunt,
702 924 789 1007 quod
803 925 872 988 aliis
891 924 970 989 locis
988 924 1081 990 aliter
1096 926 1305 992 suadentibus

133 1031 258 1116 laqueis
280 1055 314 1096 se
339 1024 481 1097 irretitos
509 1031 700 1096 sentiebant.
742 1031 818 1096 Loci
844 1032 929 1095 unde
957 1032 994 1096 de
1023 1055 1087 1096 una
1112 1037 1207 1117 porta
1228 1056 1305 1099 con-

135 1143 237 1204 staret
256 1140 360 1204 notati
381 1138 577 1220 Aristarcho,
598 1162 627 1206 v.
651 1142 694 1200 M
712 1144 779 1207 118.
802 1147 873 1207 470.
902 1145 938 1202 Ν
958 1147 1023 1208 124.
1059 1141 1236 1206 Fallacium
1255 1143 1305 1207 lo-

135 1271 253 1328 corum,
267 1249 421 1312 tenebrae
444 1247 583 1333 egregiis
606 1247 885 1312 observationibus
909 1247 1078 1328 discussae,
1099 1250 1239 1334 primum
1261 1273 1306 1329 ea,

135 1380 232 1440 quam
253 1357 474 1435 tractavimus,
501 1356 548 1419 de·
561 1353 678 1438 plurali
704 1347 824 1434 πύλαι,
854 1359 924 1419 tum
950 1356 1050 1422 altera
1075 1379 1161 1422 nunc
1187 1380 1305 1442 propo-

134 1464 249 1530 nenda.
287 1463 438 1528 Omnium
459 1463 596 1526 maxime
618 1461 715 1526 fallax
737 1463 807 1543 hoc,
830 1465 873 1525 M
893 1469 952 1532 346

216 1566 433 1655 βαλλομένων
454 1566 581 1634 οακέιον
600 1592 636 1633 τε
657 1566 715 1633 καὶ
735 1563 936 1652 ἱπποκόμων
956 1570 1163 1658 τρυφαλειῶν

218 1676 276 1743 καὶ
296 1673 441 1742 πυλέων·
464 1679 573 1741 πάσαι
595 1675 656 1760 γὰρ
675 1670 827 1761 ἒπηύχατο
849 1715 890 1724 —-

136 1810 202 1873 quo
223 1788 294 1852 loco
317 1808 498 1870 expressam
519 1785 658 1869 plurium
679 1789 845 1869 portarum
866 1787 1064 1852 mentionem
1085 1788 1146 1852 sibi
1167 1790 1305 1872 reperire

135 1895 335 1962 videbantur.
375 1893 440 1960 Sed
460 1893 664 1958 Aristarchus
686 1915 745 1957 nec
765 1893 828 1958 hoc
848 1895 1006 1959 turbatus.
1047 1895 1196 1960 Advertit
1219 1897 1370 1960 enim126

136 2003 322 2086 saepissime
337 2003 422 2088 apud
436 2001 614 2066 Homerum
633 2002 700 2077 πᾶς
722 2001 784 2065 dici
800 2023 859 2085 pro
882 1997 968 2078 ὅλος.
1008 2001 1059 2066 Ad
1073 2003 1171 2067 istum
1186 2003 1306 2068 locum:

136 2107 191 2176 ὅτι
216 2102 328 2185 πάσας
355 2103 427 2173 ἀντὶ
456 2112 514 2173 τοῦ
541 2103 635 2184 ὅλας·
663 2101 701 2173 ού
728 2106 790 2193 γάρ
815 2099 902 2194 ἦσαν
923 2107 1049 2174 πολλαὶ
1070 2102 1190 2187 πύλαι,
1220 2102 1306 2172 άλλὰ

135 2214 208 2301 μία.
250 2220 326 2293 Πᾶς
347 2240 405 2302 pro
429 2213 507 2293 ὅλος
529 2217 650 2281 dictum
672 2240 749 2296 esse,
772 2217 975 2282 observatum
996 2219 1037 2283 ad
1055 2222 1094 2281 A
1113 2225 1160 2286 65.
1183 2223 1218 2281 Ν
1239 2224 1306 2286 191.

136 2333 206 2396 468.
228 2332 297 2394 548.
330 2329 360 2388 Π
382 2331 450 2392 333.
473 2331 541 2393 801.
574 2329 694 2393 12345.
721 2329 758 2388 Χ
776 2331 846 2393 286.
879 2327 1037 2394 Ψ13573.
1082 2318 1191 2389 πάντα
1214 2323 1252 2391 δέ
1274 2323 1305 2391 oi

136 2426 277 2521 βλέφαρ’
296 2425 384 2521 άμφὶ
404 2429 461 2496 καὶ
483 2425 612 2518 ὀφρύας
633 2419 725 2497 εύυεν
747 2425 853 2517 άύτμη
879 2427 999 2519 γλήνης
1015 2428 1194 2520 καιομένης
1208 2457 1220 2497 ι
1236 2439 1305 2502 389.

136 2543 222 2608 Hinc
249 2542 311 2607 alia
337 2542 432 2607 simul
463 2540 634 2606 difficultas
657 2543 766 2625 (quam
789 2542 906 2606 mirum
928 2542 961 2604 ni
984 2543 1209 2624 quaestionum
1231 2563 1305 2626 pro·
1319 2547 1388 2618 (131)

136 2653 276 2718 sessores
314 2649 517 2732 excitassent)
552 2649 646 2716 facile
682 2649 838 2734 expedita.
889 2649 939 2712 De
972 2647 1119 2714 Troianis
1156 2650 1306 2715 adversus

137 2759 276 2825 Graecos
297 2759 376 2823 urbe
399 2757 638 2843 egredientibus
657 2756 706 2823 bis
728 2758 850 2823 dictum
872 2758 913 2838 (B
934 2762 1003 2824 809.
1030 2758 1140 2840 Θ58);

219 2868 329 2930 πᾶσαν
351 2857 382 2929 d'
407 2857 563 2948 ὠΐγνυντο
586 2859 702 2942 πύλαι,
728 2860 764 2929 ἐκ
786 2857 817 2929 d’
840 2858 955 2928 ἔσσυτο
978 2859 1069 2940 λαός.

140 2975 206 3040 Cur
226 2996 301 3040 vero
323 2977 456 3038 omnes?
481 2973 601 3052 Quidni
621 2973 677 3037 illa
698 2974 778 3053 sola,
800 2997 881 3058 quae
904 2973 1098 3038 Graecorum
1119 2972 1230 3037 castris
1252 2973 1307 3037 ad-

137 3129 345 3145 „tq—u·—

205 3213 229 3252 u
248 3210 341 3276 Quint.
360 3209 424 3275 Sm,
442 3211 475 3261 ut
491 3208 544 3262 hoc
561 3209 632 3272 utar,
652 3209 748 3277 Σκαιη
765 3205 838 3276 πύλη
855 3208 895 3260 ΙΑ
914 3211 971 3263 338.
988 3235 1023 3247 -
1040 3205 1081 3260 De
1098 3205 1201 3277 plurali
1219 3205 1306 3276 θύραι

136 3297 207 3350 haec
225 3297 345 3350 servata:
369 3297 449 3348 1475
474 3287 521 3348 ὅτι
542 3293 746 3361 πληθυντικῶς
766 3282 861 3361 θύρας
883 3284 946 3345 άντὶ
968 3294 1021 3345 τοῦ
1038 3291 1140 3361 θύραν.
1171 3292 1198 3348 Ξ
1215 3294 1262 3344 161
1281 3278 1309 3359 (ἦ

136 3381 234 3451 διπλῆ)
252 3374 299 3434 ὅτι
309 3379 512 3447 πληθυντικῶς
529 3369 580 3444 τὴν
592 3368 687 3448 θύραν
698 3367 799 3443 θύρας.
829 3372 903 3443 Ergo
917 3375 1112 3430 observaverat
1123 3375 1307 3439 Aristarchus,

137 3465 213 3535 quod
231 3481 273 3519 res
291 3466 340 3528 est,
360 3462 456 3516 crebro
474 3460 563 3530 θύραι
582 3459 637 3514 dici
656 3477 706 3529 pro
724 3458 865 3528 singulari.
901 3459 1055 3528 Singularis
1079 3461 1169 3515 estin
1187 3458 1309 3527 Odyssea

137 3554 167 3605 et
183 3549 214 3603 in
230 3548 319 3603 Iliade
336 3547 445 3600 ultima.

205 3637 230 3677 ⁷2
248 3633 387 3699 Quosdam
409 3631 494 3685 etiam
516 3632 549 3684 M
566 3633 695 3684 175-181
724 3629 836 3699 decepit
857 3623 940 3685 άλλοι
957 3620 987 3684 δ’
1006 3621 1077 3699 ἄμφ’
1092 3625 1194 3699 ύλληοι
1211 3625 1308 3699 μάχην

136 3715 282 3789 ἐμάχοντο
299 3717 429 3786 πύλῃσιν.
458 3714 496 3768 Hi
518 3731 612 3769 versus
633 3714 728 3769 multis
745 3712 906 3768 firmissimis
928 3715 1099 3784 argumentis
1122 3714 1209 3784 spurii
1226 3714 1307 3769 obelo

136 3803 229 3860 notati
257 3803 369 3856 fuerant
395 3800 452 3854 iam
477 3802 542 3854 ante
565 3799 756 3854 Aristarchum
782 3799 818 3852 ab
841 3797 1042 3869 Aristophane,
1072 3816 1089 3852 a
1110 3798 1250 3854 Zenodoto
1272 3816 1308 3853 ne

136 3886 236 3957 scripti
258 3885 378 3955 quidem,
402 3889 431 3940 et
447 3902 522 3939 nuno
544 3883 653 3938 uncinis
670 3883 777 3940 inclusi.
811 3882 850 3937 uf.
869 3882 952 3937 schol.
972 3884 1009 3936 ad
1025 3885 1052 3938 h.
1070 3883 1087 3938 l.
1106 3885 1189 3940 etad
1209 3886 1231 3938 0
1249 3889 1307 3938 414.

206 3973 231 4014 ⁷3
247 3973 323 4028 Arat.
340 3975 386 4026 201
403 3960 478 4038 ύμοι
495 3970 545 4024 καὶ
561 3962 651 4032 πόδες
675 3960 901 4038 dubitaverant
918 3961 1038 4035 ζιύματα
1058 3969 1162 4024 πάντα.
1193 3974 1242 4024 698
1260 3968 1309 4024 αὐ-

135 4054 237 4127 χενύην
253 4049 374 4126 κατάγει
393 4055 515 4124 σπελρην
531 4055 581 4108 καὶ
597 4052 695 4109 πάντα
713 4049 844 4120 μέτωπα.
874 4056 920 4106 671
945 4044 1013 4122 γυῖά
1034 4070 1068 4107 τε
1090 4056 1140 4108 καὶ
1159 4046 1236 4122 ζιύνη
1259 4053 1310 4108 καὶ

138 4143 250 4210 στήθεα
271 4132 366 4195 πάντα
387 4139 438 4193 καὶ
461 4127 547 4205 ὦμος.
585 4138 619 4191 In
641 4136 821 4191 substantivis
844 4135 947 4206 plurali
969 4153 1085 4191 numero
1107 4135 1308 4207 significatione

138 4224 287 4294 singularis
308 4222 413 4295 positis.
436 4253 469 4261 —
493 4220 584 4276 Schol.
608 4222 634 4275 H
657 4223 686 4276 M
712 4221 748 4275 ad
770 4239 789 4292 γ
810 4226 859 4277 456
883 4215 963 4291 ἄφαρ
990 4211 1019 4274 δ’
1036 4219 1070 4276 έκ
1091 4223 1180 4291 μηρία
1200 4215 1310 4286 τάμνον

138 4305 237 4365 πάντα
262 4307 338 4364 κατὰ
358 4315 481 4380 μοῖραν·
508 4301 562 4362 ὅλα
585 4306 753 4375 διεμέλιοαν
780 4302 816 4361 τά
841 4308 932 4377 μηρία
957 4305 1000 4369 ιύς
1020 4299 1056 4360 τύ
1083 4311 1190 4371 ,πᾶσαι
1213 4295 1241 4358 δ’
1263 4296 1309 4356 αλλ·-

136 4412 245 4464 γνυντυ
262 4383 377 4448 πύλαι.“
