3008 4980
202 330 260 391 172
380 322 430 376 IH.
453 320 495 376 De
511 321 664 377 Aristarchi
682 319 802 376 scicntia
819 319 997 390 antiquitatis
1008 319 1184 378 Homericae.

200 488 244 553 im
260 488 375 573 Olymp
396 488 629 574 viclbewegten
643 488 744 573 Krieg
765 511 804 553 ru
826 509 967 574 erregen,
988 489 1109 555 welche
1132 489 1197 556 den
1212 491 1298 557 Ossa
1316 492 1368 557 auf

202 597 263 661 den
285 596 399 681 Olymp
421 619 461 661 nu
482 599 590 661 setzen
612 597 784 661 vorhatten
810 596 877 662 und
897 596 957 660 auf
974 596 1035 662 den
1058 596 1141 663 Ossa
1162 597 1226 663 deu
1247 597 1363 679 Pelion,

200 727 255 769 um
282 704 350 770 sich
372 704 433 770 den
454 703 597 769 Himmel
618 704 794 790 ersteigber
821 726 860 768 nu
889 703 1053 769 mechen.“
1091 703 1211 772 Utrum
1232 697 1362 770 ἀθανά-

199 832 270 887 τοις
291 805 326 875 ἐν
344 803 505 896 Ὀλύμπῳ
524 811 599 891 „Dis
619 813 654 876 in
670 811 807 896 Olympo
829 811 1047 877 versantibus“
1068 813 1249 899 coniungas
1271 836 1314 879 an
1332 809 1361 877 ἐν

197 911 372 1004 Ὀλύμπῳ,
399 919 434 984 in
460 940 524 1003 quo
546 919 676 985 initium
698 919 827 1004 quidem
850 918 925 984 belli
946 919 1066 985 moturi
1087 924 1176 998 sunt,
1199 920 1241 986 ad
1262 913 1360 1008 φυλό-

200 1025 285 1090 πιδα
300 1020 431 1112 στήσειν
448 1027 556 1092 trahcs
574 1027 697 1093 adrem
710 1026 791 1092 nihil
805 1027 923 1092 differt:
944 1048 1053 1092 versus
1074 1031 1238 1093 structura
1259 1029 1359 1114 potius

198 1134 276 1199 illuc
291 1134 389 1200 ducit.
424 1134 657 1201 Describuntur
672 1138 709 1199 ut
722 1134 844 1200 bellum
861 1134 943 1201 illud
957 1135 1034 1200 olim
1048 1134 1111 1200 sibi
1128 1137 1360 1221 suscipiendum

199 1242 305 1307 animo
320 1242 449 1308 volvant
464 1247 496 1308 ct
510 1264 601 1308 casus
617 1245 649 1308 et
671 1245 760 1308 actus
782 1236 968 1318 πολυάϊκος
988 1237 1165 1323 πολέμοιο.
1201 1243 1267 1310 Per
1286 1243 1360 1310 illud

191 1340 318 1413 Ὄσσαν
339 1342 390 1413 ἐπ’
413 1344 582 1434 Οὐλύμπῳ
604 1371 671 1413 non
685 1349 726 1415 ad
746 1372 863 1415 novam
882 1371 951 1415 rem
971 1350 1143 1416 transitur:
1164 1351 1223 1417 sed
1244 1373 1284 1415 ex
1304 1350 1359 1416 illis

200 1457 325 1523 casibus
352 1462 386 1523 et
406 1458 531 1523 actibus
552 1480 635 1523 unus
657 1457 794 1522 maxime
816 1457 1012 1523 admirabilis
1033 1458 1204 1544 praecipue
1226 1479 1360 1524 commc-

199 1569 357 1630 moratur:
384 1566 472 1649 quod
499 1565 626 1650 egregie
653 1564 691 1629 fit
714 1556 915 1640 ἄσονδέσωςε
943 1555 1145 1630 ί11ο”οσσαν
1166 1570 1201 1632 et
1221 1565 1361 1650 proxima

199 1694 276 1739 voce
291 1672 388 1756 paulo
410 1671 543 1738 elatiore
564 1671 667 1757 legas:
689 1706 729 1717 -
751 1675 800 1737 est
821 1675 929 1737 autom
950 1672 1011 1738 iste
1033 1694 1134 1752 casus,
1155 1672 1183 1737 si
1204 1673 1240 1737 in
1255 1673 1361 1759 Olym·

199 1803 277 1865 pum
297 1781 378 1845 enisi
398 1781 498 1858 Deos,
530 1783 566 1844 ut
587 1780 677 1865 impii
699 1783 732 1845 et
751 1784 874 1845 teroces
895 1779 1037 1863 fingunt,
1064 1780 1187 1864 impetu
1203 1780 1292 1847 facto
1314 1781 1361 1849 (le-

199 1886 370 1971 pulissent,
396 1886 437 1950 Di
465 1890 573 1953 autem
600 1888 640 1952 ad
665 1888 781 1952 altiora
806 1887 887 1952 coeli
912 1886 1146 1972 confugissent,
1173 1892 1275 1954 utne
1297 1892 1362 1955 tum

201 1994 331 2078 quidem
346 1995 542 2078 desperaturi
555 1993 607 2058 vel
622 1995 770 2060 destituri
791 1996 863 2074 sint,
878 1994 934 2060 scd
948 1994 1112 2061 montibus
1127 2016 1225 2081 super
1238 2001 1362 2063 montes

198 2101 358 2185 impositis
380 2101 547 2185 adipsum
568 2102 693 2167 coelum
715 2125 882 2169 ascensum
902 2102 1044 2187 paraturi
1067 2106 1099 2168 ct
1126 2102 1249 2168 bellum
1270 2126 1362 2171 reno·

199 2208 313 2275 vaturi.
334 2208 379 2274 Et
392 2209 519 2274 videtur
532 2210 612 2275 mihi
625 2211 688 2275 hoc
702 2233 833 2295 prorsus
846 2211 887 2276 sd
901 2210 992 2276 illam
1006 2211 1172 2296 antiquam
1183 2211 1363 2279 fabnlnrum

198 2316 435 2400 simplicitatem
461 2317 587 2394 fictum3
616 2322 649 2383 et
675 2323 795 2403 quanto
821 2319 901 2384 haec
922 2319 1065 2385 Deorum
1089 2318 1169 2405 fuga
1189 2321 1363 2406 simplicior

199 2446 295 2507 quam
315 2423 372 2489 illa
391 2425 561 2490 artificiose
585 2426 774 2510 excogitata,
795 2449 868 2492 cum
887 2427 931 2492 Di
945 2426 1136 2512 Typhoeum
1157 2427 1311 2496 limentes
1330 2430 1362 2496 in

197 2535 382 2618 Aegyptum
396 2532 589 2619 confugiunt
603 2536 699 2618 atque
718 2534 752 2598 in
766 2535 942 2601 bestiarum
955 2535 1075 2601 formas
1090 2557 1124 2601 sc
1138 2539 1363 2619 transmutant,

199 2641 288 2706 Ovio
310 2639 387 2706 Met
407 2640 440 2706 V
461 2645 519 2708 321

320 2748 547 2833 Emissumque
568 2751 632 2815 ima
653 2750 691 2816 de
713 2750 788 2816 sede
809 2749 963 2836 Typhoea
979 2755 1083 2818 terrae

322 2856 498 2923 coelitibus
519 2858 633 2924 fecisse
654 2863 777 2924 metum
798 2862 995 2943 cunctosque
1017 2859 1141 2926 dedisse

321 2962 428 3050 Terga
449 2965 555 3052 fugae,
576 2967 679 3033 donec
700 2968 827 3034 fessos
847 2968 1012 3053 Aegyptio
1030 2967 1128 3033 tellus

322 3072 451 3156 (leperit
471 3077 505 3138 et
525 3077 649 3158 septem
673 3075 827 3141 discretus
848 3076 883 3140 in
903 3076 987 3140 ostia
1006 3073 1109 3141 Nilus.

320 3179 394 3245 Huc
415 3202 544 3264 quoque
565 3182 759 3267 terrigenam
780 3183 906 3248 venisse
927 3182 1081 3267 Typhoea
1100 3187 1210 3249 narrat

320 3286 365 3351 st
386 3309 420 3352 se
441 3289 584 3353 mentitis
605 3287 746 3373 Superos
768 3291 885 3357 celasse
906 3291 1017 3375 figuris

199 3397 232 3458 et
251 3397 366 3460 cetera,
389 3430 436 3445 —·

282 3501 377 3578 Quod
402 3500 587 3569 Nitzsohius
616 3508 710 3586 putot
739 3528 813 3571 eum
839 3507 1102 3592 interpolatorem
1128 3507 1184 3591 qui
1207 3508 1242 3573 in
1270 3531 1361 3575 versu

199 3611 296 3685 θεοῖς
317 3604 354 3673 ἐν
375 3602 536 3695 Ὀλύμπῳ
561 3633 619 3694 per
639 3603 818 3693 Ὄλυμπον
845 3614 971 3681 coelum
995 3614 1221 3695 intellexisset,
1253 3616 1361 3682 statim

133 3707 367 3796 m'fflvpncv
392 3716 579 3802 simpliciter
603 3740 663 3803 pro
688 3726 798 3787 monte
819 3724 978 3807 posuisse,
1006 3724 1069 3789 hoc
1096 3722 1208 3808 negari
1232 3724 1361 3808 quidem

198 3844 264 3888 non
284 3828 406 3906 potest:
430 3847 506 3888 nam
526 3825 610 3890 fiunt
637 3846 714 3892 sane
735 3829 775 3894 ab
797 3830 1102 3916 interpolationibus
1119 3852 1282 3916 pervorsa:
1306 3832 1360 3898 sel

196 3929 367 3995 verisimile
393 3935 501 3996 tamen
529 3955 570 3998 ne
591 3933 654 4000 hoc
674 3936 804 4018 quidem
825 3942 883 4002 est.
923 3940 976 4005 Ad
997 3962 1035 4004 ea
1060 3961 1143 4024 quac
1163 3942 1287 4006 veteres
1307 3962 1360 4007 cx·

197 4037 382 4123 cogitarunt
406 4042 632 4125 cognoscenda
656 4044 790 4108 accessit
815 4068 902 4111 nunc
926 4048 1017 4113 locus
1041 4049 1076 4112 in
1096 4047 1317 4133 Epimerismis
1336 4070 1359 4113 s

197 4139 257 4209 ἐπὶ
281 4168 313 4227 p.
342 4155 413 4214 144:
443 4170 519 4212 num
551 4149 766 4234 explicabunt:
796 4152 917 4229 ,Ossan
942 4155 1034 4222 iuxta
1058 4156 1233 4241 Olympum
1262 4155 1359 4223 collo·

198 4253 315 4320 cabant
335 4258 406 4319 —⁶·!

668 4372 778 4378 ——-...
807 4374 896 4382 ...—
