3008 4980
218 306 279 370 236
400 299 449 356 III.
470 298 511 356 De
528 298 682 357 Aristarchi
698 298 815 356 seientia
831 299 1010 370 antiquitatis
1025 300 1200 361 Homericae

220 470 366 558 Περσικῇ
384 464 466 557 μάζῃ
480 466 672 545 πολυτελῶς
685 464 986 552 κατεσκευασμένον
1002 468 1378 556 (suab.X]11p.594¹⁴⁷).

218 575 313 654 Quod
338 577 595 645 Callisthenis
621 599 719 662 opera
743 600 821 642 usus
841 600 950 644 nonne
972 601 1010 644 eo
1032 578 1129 662 ducit,
1150 601 1217 663 quo
1238 601 1292 645 me
1309 579 1378 645 haec

215 684 378 770 legentem
394 688 502 753 vocari
519 686 646 752 sentio?
671 685 765 764 Quod
779 685 814 749 in
828 684 943 751 itinere
957 685 1019 751 hoe
1033 685 1109 772 egit,
1127 709 1238 752 nonne
1257 688 1379 753 eodem?

135 788 206 859 (246)
217 793 366 878 Denique
388 794 531 861 eiusdem
546 793 760 871 Callisthenis,
781 793 871 858 cuius
892 793 926 857 in
946 793 1009 859 hoc
1027 793 1160 879 negotio
1179 797 1290 879 partes
1303 816 1377 860 oom-

216 904 441 983 memorantur,
462 901 627 967 molimina
647 901 682 966 in
704 899 851 985 catalogo
872 901 1002 967 navium
1020 904 1176 968 tenemus.
1207 901 1313 968 Strab.
1326 900 1378 967 XII

215 1030 246 1091 p.
269 1015 329 1075 542
352 1004 589 1096 Καλλισθένης
610 1004 647 1072 δὲ
668 1005 724 1072 καί
744 1000 868 1093 ἔγραφε
888 1005 930 1073 τὰ
952 1002 1017 1095 ἔπη
1036 1009 1141 1073 ταῦτα
1162 1002 1212 1087 εἶς
1231 1006 1291 1075 τὸν
1312 1001 1378 1075 διά-

216 1135 341 1198 κοσμον
360 1114 444 1199 μετὰ
464 1114 503 1182 τὸ

213 1328 304 1397 ardel

296 1356 481 1518 Ιςίαύκωνας
496 1434 528 1504 δ’
541 1429 609 1504 αὖτ’
619 1430 880 1526 ἦγεΠολυκλέος
893 1433 965 1516 υἱὸς
977 1432 1116 1523 ἀμύμων
1125 1431 1378 1527 (υε1’Άμειβος)·

298 1540 430 1631 οἱπερὶ
450 1544 647 1632 Παρθένιον
668 1543 822 1629 ποταμὸν
842 1543 944 1611 κλυτὰ
967 1540 1090 1630 δώματ’
1110 1542 1233 1615 ἔναιον.

215 1649 379 1744 παρήκειν
399 1653 461 1742 γὰρ
478 1648 536 1745 ἀφ’
555 1649 753 1741 Ἡρακλείας
765 1651 823 1718 καί
836 1654 1083 1741 Μαριανδυνῶν
1097 1651 1194 1741 μέχρι
1208 1649 1380 1722 Λευκοσό-

213 1787 289 1845 ρων,
315 1753 372 1842 οἱίς
389 1759 485 1851 ἡμεῖς
505 1755 746 1840 Καππάδοκας
765 1757 1066 1849 προσαγορεύομεν,
1088 1755 1128 1829 τό
1149 1785 1185 1828 τε
1206 1765 1273 1827 τών
1293 1767 1380 1828 Καυ-

214 1868 327 1936 κώνων
348 1867 442 1956 γένος
466 1869 503 1937 τὸ
529 1869 609 1955 περί
633 1869 670 1938 τὸ
702 1865 814 1936 Τίειον
839 1867 936 1956 μέχρι
955 1865 1151 1953 Παρθενίου
1179 1869 1239 1937 καί
1261 1869 1300 1938 τὸ
1321 1874 1381 1937 τών

149 1983 198 2035 240
213 1971 347 2044 Ἐνετῶν
359 1977 398 2046 τό
413 1976 540 2060 συνεχὲς
550 1978 635 2062 μετὰ
648 1978 704 2046 τὸν
718 1975 914 2066 Παρθένιον
927 1980 992 2044 τών
1007 1974 1145 2059 ἐχόντων
1157 1977 1196 2045 τὸ
1212 1972 1380 2063 Κύτωρον·

215 2084 271 2151 καί
292 2090 347 2151 νύν
369 2081 401 2153 δ>
425 2083 474 2152 ἔτι
496 2085 711 2166 Καυκωνίτας
732 2078 819 2152 εἶναί
837 2109 930 2164 τινας
949 2083 1027 2169 περί
1045 2084 1103 2152 τὸν
1120 2084 1330 2172 Παρθένιον.

295 2196 375 2261 Post
397 2196 626 2262 Callisthenem
647 2197 682 2262 in
708 2198 763 2274 iis,
791 2195 847 2280 qui
871 2195 999 2261 luxatae
1021 2196 1144 2262 seilicet
1165 2197 1381 2283 geographiae

213 2305 357 2369 membra
383 2306 541 2388 corrigere
570 2305 757 2384 studebant,
784 2325 987 2370 recensemus
1014 2304 1205 2371 Zenonem
1227 2303 1381 2371 Stoicum.

213 2412 380 2478 Menelaus
401 2412 435 2496 (δ
456 2414 507 2497 84)
529 2417 651 2478 narrat:

316 2513 501 2599 Αἰθίοπάς
521 2514 556 2585 θ’
580 2515 698 2607 ἱκόμην
718 2517 775 2584 καί
795 2515 971 2597 Σιδονίους
991 2516 1049 2585 καί
1066 2512 1254 2606 Ἐρεμβσύς.

215 2628 301 2694 Zeno
319 2629 533 2715 philosophus
555 2630 650 2695 scribi
672 2628 775 2694 voluit

316 2730 502 2813 Αἰθίοπάς
522 2730 557 2800 δ’
581 2731 699 2822 ἱκόμην
720 2733 777 2800 καί
798 2729 973 2812 Σιδονίους
985 2727 1138 2820 ’Ἄραβάς
1159 2758 1204 2802 τε.

214 2845 318 2911 Strab.
340 2848 357 2910 Ι
374 2869 405 2930 p.
421 2853 470 2914 41.
492 2845 554 2911 VH
573 2869 603 2930 p.
618 2851 687 2913 298.
722 2844 832 2909 Priore
854 2843 926 2909 loco
949 2845 1009 2910 sio:
1028 2841 1106 2926 περί
1127 2840 1164 2908 δὲ
1184 2845 1251 2908 τών
1269 2839 1383 2929 Ἐρεμ-

212 2955 282 3034 βών
310 2949 422 3016 πολλὰ
450 2949 511 3036 μὲν
538 2947 681 3038 εἴρηται,
712 2947 948 3018 πιθανώτατοι
975 2946 1007 3017 δ’
1031 2945 1112 3017 εἰσίν
1138 2945 1171 3017 οἱ
1196 2949 1384 3035 νομίζοντες

212 3058 289 3137 τοὺς
301 3052 454 3145 ’Ἄραβας
474 3056 645 3145 λέγεσθαι.
687 3055 804 3147 Ζήνων
827 3052 860 3124 δ’
885 3055 903 3124 ὃ
926 3053 1086 3146 ἡμέτερος
1105 3057 1163 3125 καὶ
1183 3057 1308 3149 γράφει
1328 3057 1384 3127 ού-

212 3191 277 3244 τως
290 3161 501 3246 ,Αἰθίοπάς
515 3161 550 3232 δ’
568 3162 686 3254 ἱκόμην
700 3164 756 3232 καί
770 3163 944 3245 Σιδονίους
955 3161 1109 3253 ’Ἀραβάς
1129 3177 1201 3233 τε“.
1231 3167 1275 3255 τὴ
1286 3193 1302 3234 ν
1315 3166 1383 3250 μὲν

215 3267 281 3341 οὖν
305 3274 457 3365 γραφὴν
485 3270 553 3342 οόκ
580 3269 728 3362 άνάμκη
758 3279 881 3341 κινεῖν
906 3272 1087 3340 παλαιὰν
1110 3265 1243 3340 ούσαν·
1274 3270 1383 3342 αἰτιά-

214 3388 299 3449 σθαι
326 3381 362 3450 δὲ
391 3380 524 3467 βέλτιον
549 3381 610 3470 την
634 3385 694 3449 τοῦ
720 3376 883 3466 ὀνόματος
912 3378 1138 3468 μετάπτωσιν,
1169 3381 1302 3471 πολλὴν
1327 3381 1384 3450 καί

281 3621 318 3662 14⁷
334 3620 376 3676 De
394 3620 436 3677 ed.
455 3636 490 3675 ex
506 3617 651 3674 narthecio
672 3617 791 3674 alterum
808 3618 999 3675 testimonium
1017 3618 1161 3675 Plutarchi
1179 3618 1223 3675 Al.
1242 3624 1266 3675 8.
1285 3619 1383 3676 Secum

213 3705 337 3775 portavit
353 3708 406 3775 τὴν
422 3695 529 3759 Ἰλιάδα
540 3733 574 3744 -
584 3695 798 3774 Ἀριστοτέλους
815 3697 1044 3774 διορθώσαντος,
1064 3695 1098 3773 ἣν
1114 3700 1148 3759 ἐκ
1165 3708 1219 3758 τοῦ
1236 3704 1384 3776 νάρθηκος

211 3791 359 3843 καλοῦσιν.
390 3788 459 3859 <Cfr.
478 3787 662 3858 Sengebuseh.
680 3788 760 3842 Hom.
780 3787 886 3845 dissert.
904 3791 918 3842 I
934 3808 962 3859 p.
982 3790 1036 3856 71.)
1072 3789 1101 3843 Si
1118 3789 1171 3843 hoe
1190 3788 1276 3843 etiam
1299 3789 1383 3845 fidem

213 3875 335 3928 meretur
356 3890 418 3928 mea
435 3873 530 3943 opinio
550 3872 636 3928 etiam
658 3871 747 3942 magis
771 3872 957 3928 confirmatur.
994 3873 1038 3926 Ab
1056 3873 1205 3928 Aristotele
1229 3876 1383 3928 correctam

213 3957 330 4013 Iliadem
348 3975 441 4013 secum
462 3958 570 4012 ferebat
590 3957 621 4011 in
637 3956 744 4022 Asiam,
767 3957 817 4011 ubi
834 3956 993 4013 Anaxarchi
1018 3960 1047 4013 et
1064 3956 1240 4012 Callisthenis
1259 3956 1325 4027 (viri
1341 3957 1382 4012 hi-

214 4042 315 4098 storiae
334 4044 363 4097 et
380 4041 569 4113 geographiae
587 4041 684 4107 dediti,
703 4042 751 4111 qui
769 4041 878 4112 scripsit
896 4044 1068 4114 περίπλουν)
1092 4059 1144 4112 ope
1162 4060 1227 4096 usus
1244 4042 1383 4112 quaedam

214 4131 247 4185 ut
263 4127 332 4182 falsa
348 4126 468 4184 notavit:
487 4128 578 4196 quae‘?
596 4126 649 4181 nisi
667 4127 702 4182 de
720 4126 820 4198 quibus
841 4126 871 4182 in
888 4127 955 4182 Asia
972 4131 1098 4183 constare
1115 4127 1276 4198 putabant?
1299 4125 1382 4181 Valet

213 4214 267 4269 hoe
289 4214 485 4284 argumentum
506 4210 560 4265 nisi
581 4213 663 4281 putas
681 4210 859 4267 Aristotelem
880 4212 993 4267 omnino
1010 4211 1079 4267 falso
1096 4213 1149 4267 hae
1167 4211 1197 4267 in
1214 4228 1244 4266 re
1262 4227 1381 4267 comme·

214 4298 316 4355 morari
328 4301 413 4369 atque
424 4296 489 4351 huic
501 4298 534 4351 ut
544 4294 648 4351 notiori
659 4313 677 4350 a
689 4295 854 4365 quibusdam
865 4296 1001 4353 tributam
1014 4313 1071 4352 esse
1087 4296 1167 4350 illam
1184 4295 1380 4362 recensionem,

216 4402 290 4454 quae
307 4401 354 4441 eos
372 4385 499 4441 auctores
515 4381 639 4447 haberet,
657 4398 726 4452 quos
742 4383 871 4438 accurate
891 4381 1009 4437 tradidit
1025 4381 1133 4437 Strabo.
