3008 4980
431 336 454 388 2.
477 330 519 386 De
537 330 732 386 constituenda
748 329 875 386 lectione.
997 400 1005 417 Ι
1181 335 1241 397 355

73 492 160 560 κατὰ
187 493 250 580 γὰρ
278 493 338 583 τὴν
364 494 605 585 προειρημένην
636 492 787 578 σύνταξιν
802 496 1004 582 (secundum
1032 517 1069 561 ea
1095 517 1176 579 quac
1204 495 1242 559 δε
1256 494 1326 564 (377)

73 607 235 669 structura
256 603 382 670 articuli
406 607 555 691 diximus)
575 603 632 672 ἐπὶ
648 598 765 671 τούτου
788 600 892 669 πάλιν
914 598 1024 667 λείπει
1044 599 1082 667 τὸ
1104 594 1244 684 άρθρον.

73 708 131 774 καί
156 701 198 796 η’ν
220 705 407 794 ἐγκείμενος
434 707 452 780 ὁ
480 708 538 777 δαί
563 707 744 797 σύνδεσμος
766 707 939 787 λείποντος
965 703 1075 774 ἑνικοῦ
1101 700 1242 793 άρθροο,

73 814 160 902 λέγω
186 821 245 883 τοῦ
266 810 297 906 ἦ.
337 817 395 884 καί
421 816 527 907 σαφές
548 815 600 886 ὅτι
621 819 705 887 κατὰ
730 818 790 907 τὴν
812 814 966 904 τοιαύτην
988 811 1138 896 σι’·νταξιν
1158 810 1245 901 πρό-

74 923 161 1011 δηλα
175 923 215 988 τὰ
229 928 289 991 τοῦ
304 921 403 1010 λόγον
418 921 646 1016 καθειστήκει,
670 922 789 1014 λέμιοὴ
808 925 921 1013 λεῖψις
940 921 1001 1008 μέν
1021 925 1080 990 τοῦ
1102 916 1243 1009 ἄρθρον,

72 1025 267 1117 παράθεσις
298 1030 334 1099 δὲ
359 1022 379 1120 η
408 1037 468 1101 τοῦ
496 1032 688 1119 συνδέσμου.
735 1033 792 1100 καὶ
819 1029 923 1111 οίίτιος
951 1026 1183 1116 ἀκριβέστερον
1207 1029 1245 1095 τδ

69 1132 251 1227 Ὁμηρικδν
276 1134 360 1218 ἔθος
382 1135 608 1211 ἀπεδείκνυτο.
653 1141 810 1228 καὶγὰρ
840 1135 896 1206 ἐπ’
928 1134 1059 1205 άλλων
1084 1136 1128 1207 τδ
1156 1134 1247 1204 δέον

73 1249 108 1331 (i.
124 1271 151 1314 e.
167 1249 254 1334 quod
268 1249 493 1337 philosophica
511 1254 593 1318 ratio
614 1253 761 1337 requirit)
783 1241 825 1336 ἦν
846 1244 1158 1334 παραδέξασθαι
1179 1243 1245 1311 καί
1263 1264 1309 1323 361

73 1354 117 1420 τὸ
139 1349 308 1443 σύνηθες
328 1351 606 1443 προδκρίνετο·

157 1459 195 1527 σὺ
219 1459 255 1528 δέ
277 1465 408 1532 θᾶσσον
427 1459 593 1554 Ἀθηναίη
615 1460 792 1544 έπίτειλαι,

73 1566 159 1655 λέγω
175 1568 260 1635 κατὰ
277 1572 522 1662 προστακτικην
537 1572 736 1664 προσφορὰν
750 1570 1011 1658 προπαροξύνων
1027 1573 1148 1655 (παῖ),
1172 1563 1244 1634 ἀλλ’

74 1668 116 1764 ἦν
132 1669 219 1743 άλλα
240 1678 313 1744 τινὰ
334 1678 375 1745 τὰ
400 1675 602 1750 διδάσκοντα
624 1675 876 1769 άπαρεμφάτως
897 1673 1094 1763 ἀναγνῶναι,
1120 1671 1248 1756 εὐθέως

75 1782 113 1852 ἐκ
134 1789 193 1853 τοῦ
215 1786 460 1875 παρακειμένου

159 1899 280 1982 πειρᾶν
303 1889 334 1960 δ’
359 1891 405 1985 οῖς
426 1921 482 1963 κεν
504 1901 615 1986 Τρῶες
634 1937 676 1948 -

80 1999 139 2069 καὶ
160 2000 196 2068 ἐκ
217 2006 277 2069 τοῦ

161 2109 203 2176 τδι
226 2106 257 2176 δ’
282 2104 407 2179 άποινα
431 2108 590 2194 δέχεσθαι

76 2216 137 2284 καί
160 2213 324 2286 πλείστων
354 2214 497 2288 άλλων.“
540 2219 585 2287 Σὺ
611 2217 647 2286 δὲ
668 2221 800 2295 θᾶσσον
819 2213 983 2308 Ἀθηναίη
1012 2215 1179 2285 ἐπιτεῖλαι
1200 2227 1250 2289 est

78 2335 112 2395 Λ
131 2335 184 2410 64,
202 2329 259 2394 ubi
280 2329 494 2397 Aristonicus:
526 2323 559 2417 (η
585 2327 703 2416 διπλῆ)
727 2325 839 2396 ὅτιτὸ
862 2324 1029 2393 ἐπιτεῖλαι
1052 2320 1124 2392 rival
1144 2351 1248 2413 προσ-

76 2440 234 2501 τακτικοιῖ
248 2438 418 2503 servaret
454 2437 544 2523 Ergo
559 2438 593 2503 id
612 2438 813 2526 praeoptavit
835 2437 922 2521 quod
943 2459 1009 2501 non
1030 2440 1098 2501 tam
1118 2436 1249 2524 vulgare

78 2566 176 2629 quam
195 2543 360 2611 Homerici
382 2546 539 2611 sermonis
560 2546 727 2631 proprium
747 2546 917 2612 videretur.
955 2545 1018 2610 Sed
1038 2545 1099 2609 hac
1120 2566 1249 2629 quoque

78 2653 114 2717 in
135 2675 171 2719 re
192 2653 324 2718 minime
346 2645 551 2738 pertinaciter
573 2653 692 2739 egisse,
725 2653 948 2719 testimonium
970 2656 1019 2718 est
1040 2653 1077 2718 de
1099 2653 1150 2718 his
1171 2653 1249 2736 ipsis

78 2760 285 2844 imperativis.
320 2763 349 2823 Σ
371 2768 429 2829 140
451 2760 603 2848 legimus:

162 2862 255 2951 ὑμεῖς
275 2863 335 2951 μὲν
356 2870 412 2931 νῦν
434 2866 509 2932 δῦτε
530 2861 707 2955 θαλάσσης
728 2860 826 2953 εὐρέα
848 2860 977 2934 κόλπον

162 2968 333 3067 ὀψόμεναί
351 2998 387 3041 τε
408 2969 545 3060 γέρονθ’
570 2971 669 3042 άλιον
689 2974 746 3041 καί
768 2967 906 3060 δώματα
927 2969 1063 3061 πατρός,

163 3080 222 3149 καί
244 3078 276 3150 οὶ
297 3077 391 3149 πάντ’
415 3077 606 3169 ἀγορεύσατ’
627 3119 667 3132 -ι

79 3194 253 3278 Didymus:
274 3189 367 3275 παρὰ
389 3184 567 3279 Ζηνοδότῳ
588 3185 774 3278 ἀγορεῦσαι.
810 3189 867 3258 καί
887 3185 1072 3280 ὑποφαίνει
1093 3188 1131 3260 τὸ
1149 3185 1251 3279 Ὁμη-

80 3299 176 3385 ρικὸν
202 3295 292 3377 έθος.
336 3299 421 3366 Hinc
451 3301 552 3386 igitur
579 3301 617 3366 de
644 3301 832 3368 Aristarcho
859 3302 1066 3367 iudicandum
1094 3306 1152 3370 est.
1193 3299 1252 3366 Ille

82 3411 306 3475 observaverat
332 3408 475 3473 articulis
496 3409 676 3475 Homerum
701 3409 891 3495 plerumque
917 3433 984 3475 non
1005 3411 1062 3476 uti.
1105 3411 1159 3475 An
1179 3409 1252 3474 ideo

82 3538 196 3582 omnes
213 3515 366 3581 articulos
389 3514 545 3583 exclusit?
574 3515 718 3582 Minime.
761 3516 812 3583 Ne
841 3517 964 3584 ferente
992 3518 1122 3602 quidem
1142 3520 1254 3583 metro.

81 3617 177 3699 Αἴας
199 3616 230 3686 δ’
255 3616 273 3690 ὁ
296 3606 400 3708 μέγας
421 3616 553 3688 αἰέν-
575 3627 613 3697 ,Π
633 3630 701 3692 358.
738 3649 766 3690 v.
787 3625 916 3711 Didym.
937 3629 968 3688 B
992 3634 1059 3693 111.
1102 3624 1254 3709 Apollou.

82 3735 166 3817 synt.
189 3738 237 3799 41.
280 3730 344 3798 Sed
370 3723 470 3796 άλλοι
491 3732 619 3817 scripsit
639 3755 706 3798 non
730 3722 849 3810 άλλοι,
881 3734 968 3818 quod
990 3734 1068 3799 satis
1089 3733 1181 3798 firma
1202 3755 1254 3797 ac-

83 3839 217 3905 cedebat
243 3844 525 3906 monumentorum
552 3841 734 3907 auctoritas.
785 3840 899 3923 Simul,
929 3842 1051 3927 opinor,
1078 3842 1252 3928 cogitabat,
1267 3850 1338 3919 (378)

83 3935 190 4010 uilloc
208 3968 286 4011 ,non
311 3947 384 4032 plus
406 3948 510 4014 dicere
533 3971 629 4033 quam
652 3942 766 4027 άλλοι,
798 3950 855 4015 sed
884 3950 919 4014 in
940 3943 1035 4026 Αῖας
1057 3941 1089 4012 δ’
1112 3943 1130 4015 ὁ
1153 3945 1256 4033 μέγας

84 4046 157 4118 αἰέν
190 4054 331 4138 aliquam
363 4055 404 4119 ad
432 4055 695 4142 distinguendum
724 4059 764 4124 ab
794 4057 897 4124 altero
923 4057 1022 4124 Aiace
1052 4057 1117 4124 vim
1143 4058 1256 4138 inesse,

85 4159 280 4247 quamquam
306 4161 382 4228 alibi
407 4163 458 4228 vel
486 4163 520 4229 in
546 4165 607 4231 hoc
635 4171 732 4252 poeta
759 4188 797 4232 ex
822 4188 911 4232 more
939 4187 998 4231 suo
1028 4157 1131 4251 αὐτὰρ
1154 4157 1254 4230 ἔπειτ’

151 4311 191 4354 ²⁵⁵
208 4309 238 4365 si
253 4314 278 4366 A
296 4315 344 4367 302
363 4310 500 4384 πείρησαι
517 4314 639 4385 scripsit,
657 4320 811 4373 accesserat
827 4315 923 4386 aliqua
943 4318 977 4373 de
995 4334 1046 4372 usu
1063 4314 1149 4372 medii
1166 4316 1256 4370 obser·

85 4395 170 4451 vatio.
200 4395 374 4453 Herodianus
391 4396 444 4453 hoc
461 4398 522 4454 loco
541 4399 651 4455 diversa
668 4401 774 4458 miscet.

997 4489 1048 4541 23*
