<?xml version="1.0" encoding="UTF-8"?>
<!DOCTYPE html PUBLIC "-//W3C//DTD XHTML 1.0 Transitional//EN"
    "http://www.w3.org/TR/xhtml1/DTD/xhtml1-transitional.dtd">
<html xmlns="http://www.w3.org/1999/xhtml" xml:lang="en" lang="en">
 <head>
  <title>
</title>
<meta http-equiv="Content-Type" content="text/html;charset=utf-8" />
  <meta name='ocr-system' content='tesseract 3.04.00' />
  <meta name='ocr-capabilities' content='ocr_page ocr_carea ocr_par ocr_line ocrx_word'/>
</head>
<body>
  <div class='ocr_page' id='page_1' title='image "./dearistarchistu01lehrgoog/dearistarchistu01lehrgoog_0264.png"; bbox 0 0 3008 4980; ppageno 0'>
   <div class='ocr_carea' id='block_1_1' title="bbox 510 1122 926 1241">
    <p class='ocr_par' dir='ltr' id='par_1_1' title="bbox 510 1122 926 1241">
     <span class='ocr_line' id='line_1_1' title="bbox 510 1122 926 1241; baseline 0.007 -5"><span class='ocrx_word' id='word_1_1' title='bbox 510 1122 811 1238; x_wconf 73' lang='lat' dir='ltr'>Dissertatio</span> <span class='ocrx_word' id='word_1_2' title='bbox 848 1128 926 1241; x_wconf 83' lang='lat' dir='ltr'>IV.</span> 
     </span>
    </p>
   </div>
   <div class='ocr_carea' id='block_1_2' title="bbox 569 1366 874 1474">
    <p class='ocr_par' dir='ltr' id='par_1_2' title="bbox 569 1366 874 1474">
     <span class='ocr_line' id='line_1_2' title="bbox 569 1366 874 1474; baseline 0.013 -28"><span class='ocrx_word' id='word_1_3' title='bbox 569 1366 637 1446; x_wconf 89' lang='lat' dir='ltr'>De</span> <span class='ocrx_word' id='word_1_4' title='bbox 665 1369 874 1474; x_wconf 82' lang='lat' dir='ltr'>prosodia.</span> 
     </span>
    </p>
   </div>
   <div class='ocr_carea' id='block_1_3' title="bbox 667 1714 765 1791">
    <p class='ocr_par' dir='ltr' id='par_1_3' title="bbox 667 1714 765 1791">
     <span class='ocr_line' id='line_1_3' title="bbox 667 1714 765 1791; baseline 0.02 -2"><span class='ocrx_word' id='word_1_5' title='bbox 667 1714 707 1789; x_wconf 82' lang='lat' dir='ltr'>O.</span> <span class='ocrx_word' id='word_1_6' title='bbox 737 1718 765 1791; x_wconf 93' lang='grc' dir='ltr'>Ι.</span> 
     </span>
    </p>
   </div>
   <div class='ocr_carea' id='block_1_4' title="bbox 592 1896 852 1964">
    <p class='ocr_par' dir='ltr' id='par_1_4' title="bbox 592 1896 852 1964">
     <span class='ocr_line' id='line_1_4' title="bbox 592 1896 852 1964; baseline 0.015 -5"><span class='ocrx_word' id='word_1_7' title='bbox 592 1896 642 1960; x_wconf 85' lang='lat' dir='ltr'>De</span> <span class='ocrx_word' id='word_1_8' title='bbox 663 1899 852 1964; x_wconf 71' lang='lat' dir='ltr'>accensator.</span> 
     </span>
    </p>
   </div>
   <div class='ocr_carea' id='block_1_5' title="bbox 135 2060 1384 4407">
    <p class='ocr_par' dir='ltr' id='par_1_5' title="bbox 135 2060 1384 4407">
     <span class='ocr_line' id='line_1_5' title="bbox 219 2060 1310 2150; baseline 0.006 -24"><span class='ocrx_word' id='word_1_9' title='bbox 219 2063 238 2146; x_wconf 56' lang='grc' dir='ltr'>ᾗ</span> <span class='ocrx_word' id='word_1_10' title='bbox 263 2069 289 2127; x_wconf 93' lang='grc'>1.</span> <span class='ocrx_word' id='word_1_11' title='bbox 332 2060 486 2126; x_wconf 91' lang='lat' dir='ltr'>Veterum</span> <span class='ocrx_word' id='word_1_12' title='bbox 513 2063 795 2147; x_wconf 83' lang='lat' dir='ltr'>grammaticorum</span> <span class='ocrx_word' id='word_1_13' title='bbox 821 2066 935 2131; x_wconf 90' lang='lat' dir='ltr'>merita</span> <span class='ocrx_word' id='word_1_14' title='bbox 957 2066 984 2130; x_wconf 92' lang='lat' dir='ltr'>si</span> <span class='ocrx_word' id='word_1_15' title='bbox 1006 2068 1078 2150; x_wconf 93' lang='lat' dir='ltr'>quis</span> <span class='ocrx_word' id='word_1_16' title='bbox 1099 2070 1185 2133; x_wconf 86' lang='lat' dir='ltr'>recte</span> <span class='ocrx_word' id='word_1_17' title='bbox 1208 2069 1310 2134; x_wconf 85' lang='lat' dir='ltr'>aesti-.</span> 
     </span>
     <span class='ocr_line' id='line_1_6' title="bbox 137 2167 1305 2259; baseline 0.003 -23"><span class='ocrx_word' id='word_1_18' title='bbox 137 2192 224 2236; x_wconf 89' lang='lat' dir='ltr'>mare</span> <span class='ocrx_word' id='word_1_19' title='bbox 245 2167 323 2247; x_wconf 77' lang='lat' dir='ltr'>vult,</span> <span class='ocrx_word' id='word_1_20' title='bbox 341 2168 370 2233; x_wconf 87' lang='lat' dir='ltr'>is</span> <span class='ocrx_word' id='word_1_21' title='bbox 390 2190 467 2253; x_wconf 87' lang='lat' dir='ltr'>prae</span> <span class='ocrx_word' id='word_1_22' title='bbox 490 2167 561 2234; x_wconf 87' lang='lat' dir='ltr'>aliis</span> <span class='ocrx_word' id='word_1_23' title='bbox 582 2168 692 2236; x_wconf 88' lang='lat' dir='ltr'>multis</span> <span class='ocrx_word' id='word_1_24' title='bbox 714 2171 776 2237; x_wconf 87' lang='lat' dir='ltr'>hoo</span> <span class='ocrx_word' id='word_1_25' title='bbox 797 2195 899 2238; x_wconf 90' lang='lat' dir='ltr'>uuum</span> <span class='ocrx_word' id='word_1_26' title='bbox 920 2196 1027 2239; x_wconf 90' lang='lat' dir='ltr'>secum</span> <span class='ocrx_word' id='word_1_27' title='bbox 1047 2178 1185 2259; x_wconf 89' lang='lat' dir='ltr'>reputet,</span> <span class='ocrx_word' id='word_1_28' title='bbox 1201 2198 1305 2259; x_wconf 88' lang='lat' dir='ltr'>quan-</span> 
     </span>
     <span class='ocr_line' id='line_1_7' title="bbox 137 2275 1302 2365; baseline 0.004 -22"><span class='ocrx_word' id='word_1_29' title='bbox 137 2279 179 2343; x_wconf 85' lang='lat' dir='ltr'>tis</span> <span class='ocrx_word' id='word_1_30' title='bbox 201 2275 364 2342; x_wconf 84' lang='lat' dir='ltr'>laboribus</span> <span class='ocrx_word' id='word_1_31' title='bbox 393 2279 579 2361; x_wconf 91' lang='lat' dir='ltr'>quantoque</span> <span class='ocrx_word' id='word_1_32' title='bbox 610 2277 755 2344; x_wconf 81' lang='lat' dir='ltr'>acumine</span> <span class='ocrx_word' id='word_1_33' title='bbox 782 2302 864 2365; x_wconf 89' lang='lat' dir='ltr'>opus</span> <span class='ocrx_word' id='word_1_34' title='bbox 891 2280 989 2346; x_wconf 90' lang='lat' dir='ltr'>fuerit</span> <span class='ocrx_word' id='word_1_35' title='bbox 1010 2282 1051 2346; x_wconf 89' lang='lat' dir='ltr'>ad</span> <span class='ocrx_word' id='word_1_36' title='bbox 1071 2282 1171 2348; x_wconf 89' lang='lat' dir='ltr'>libros</span> <span class='ocrx_word' id='word_1_37' title='bbox 1193 2305 1302 2348; x_wconf 87' lang='lat' dir='ltr'>accen·</span> 
     </span>
     <span class='ocr_line' id='line_1_8' title="bbox 136 2383 1304 2468; baseline 0.003 -17"><span class='ocrx_word' id='word_1_38' title='bbox 136 2389 228 2451; x_wconf 89' lang='lat' dir='ltr'>tuum</span> <span class='ocrx_word' id='word_1_39' title='bbox 249 2384 336 2449; x_wconf 92' lang='lat' dir='ltr'>notis</span> <span class='ocrx_word' id='word_1_40' title='bbox 358 2383 613 2468; x_wconf 80' lang='lat' dir='ltr'>distinguendos.</span> <span class='ocrx_word' id='word_1_41' title='bbox 657 2384 719 2463; x_wconf 84' lang='lat' dir='ltr'>Qui</span> <span class='ocrx_word' id='word_1_42' title='bbox 737 2386 830 2452; x_wconf 89' lang='lat' dir='ltr'>labor</span> <span class='ocrx_word' id='word_1_43' title='bbox 851 2388 878 2452; x_wconf 89' lang='lat' dir='ltr'>si</span> <span class='ocrx_word' id='word_1_44' title='bbox 899 2389 934 2452; x_wconf 90' lang='lat' dir='ltr'>in</span> <span class='ocrx_word' id='word_1_45' title='bbox 957 2389 1156 2455; x_wconf 86' lang='lat' dir='ltr'>orationibus</span> <span class='ocrx_word' id='word_1_46' title='bbox 1178 2395 1234 2455; x_wconf 91' lang='lat' dir='ltr'>aut</span> <span class='ocrx_word' id='word_1_47' title='bbox 1254 2391 1304 2455; x_wconf 90' lang='lat' dir='ltr'>in-</span> 
     </span>
     <span class='ocr_line' id='line_1_9' title="bbox 137 2491 1304 2578; baseline 0.003 -19"><span class='ocrx_word' id='word_1_48' title='bbox 137 2493 274 2577; x_wconf 80' lang='lat' dir='ltr'>cepisset</span> <span class='ocrx_word' id='word_1_49' title='bbox 295 2495 352 2556; x_wconf 86' lang='lat' dir='ltr'>aut</span> <span class='ocrx_word' id='word_1_50' title='bbox 372 2491 581 2573; x_wconf 77' lang='lat' dir='ltr'>substitisset,</span> <span class='ocrx_word' id='word_1_51' title='bbox 601 2492 737 2559; x_wconf 88' lang='lat' dir='ltr'>fortasse</span> <span class='ocrx_word' id='word_1_52' title='bbox 758 2495 916 2560; x_wconf 87' lang='lat' dir='ltr'>industria</span> <span class='ocrx_word' id='word_1_53' title='bbox 938 2496 1006 2561; x_wconf 88' lang='lat' dir='ltr'>sola</span> <span class='ocrx_word' id='word_1_54' title='bbox 1027 2497 1208 2562; x_wconf 89' lang='lat' dir='ltr'>adhibenda</span> <span class='ocrx_word' id='word_1_55' title='bbox 1228 2502 1304 2578; x_wconf 84' lang='lat' dir='ltr'>erat,</span> 
     </span>
     <span class='ocr_line' id='line_1_10' title="bbox 137 2599 1304 2686; baseline 0.004 -20"><span class='ocrx_word' id='word_1_56' title='bbox 137 2601 256 2686; x_wconf 87' lang='lat' dir='ltr'>quippe</span> <span class='ocrx_word' id='word_1_57' title='bbox 277 2622 349 2667; x_wconf 93' lang='lat' dir='ltr'>cum</span> <span class='ocrx_word' id='word_1_58' title='bbox 370 2600 404 2664; x_wconf 86' lang='lat' dir='ltr'>i&#39;n</span> <span class='ocrx_word' id='word_1_59' title='bbox 424 2599 585 2684; x_wconf 89' lang='lat' dir='ltr'>plerisque</span> <span class='ocrx_word' id='word_1_60' title='bbox 606 2602 719 2686; x_wconf 80' lang='lat' dir='ltr'>regula</span> <span class='ocrx_word' id='word_1_61' title='bbox 739 2606 889 2668; x_wconf 87' lang='lat' dir='ltr'>accentus</span> <span class='ocrx_word' id='word_1_62' title='bbox 912 2623 950 2666; x_wconf 81' lang='lat' dir='ltr'>ex</span> <span class='ocrx_word' id='word_1_63' title='bbox 972 2603 1151 2670; x_wconf 84' lang='lat' dir='ltr'>doctiorum</span> <span class='ocrx_word' id='word_1_64' title='bbox 1167 2604 1304 2671; x_wconf 80' lang='lat' dir='ltr'>Graeco-</span> 
     </span>
     <span class='ocr_line' id='line_1_11' title="bbox 135 2707 1303 2797; baseline 0.003 -23"><span class='ocrx_word' id='word_1_65' title='bbox 135 2731 215 2788; x_wconf 85' lang='lat' dir='ltr'>rum,</span> <span class='ocrx_word' id='word_1_66' title='bbox 235 2709 400 2774; x_wconf 86' lang='lat' dir='ltr'>rhetorum</span> <span class='ocrx_word' id='word_1_67' title='bbox 421 2707 751 2794; x_wconf 88' lang='lat' dir='ltr'>philosophorumque</span> <span class='ocrx_word' id='word_1_68' title='bbox 766 2713 836 2774; x_wconf 92' lang='lat' dir='ltr'>tum</span> <span class='ocrx_word' id='word_1_69' title='bbox 850 2710 986 2775; x_wconf 81' lang='lat' dir='ltr'>maxime</span> <span class='ocrx_word' id='word_1_70' title='bbox 1002 2712 1234 2797; x_wconf 86' lang='lat' dir='ltr'>disputantium</span> <span class='ocrx_word' id='word_1_71' title='bbox 1249 2734 1303 2777; x_wconf 89' lang='lat' dir='ltr'>ore</span> 
     </span>
     <span class='ocr_line' id='line_1_12' title="bbox 135 2814 1303 2904; baseline 0.002 -22"><span class='ocrx_word' id='word_1_72' title='bbox 135 2817 203 2901; x_wconf 92' lang='lat' dir='ltr'>peti</span> <span class='ocrx_word' id='word_1_73' title='bbox 223 2816 390 2901; x_wconf 89' lang='lat' dir='ltr'>potuisset.</span> <span class='ocrx_word' id='word_1_74' title='bbox 420 2814 484 2882; x_wconf 85' lang='lat' dir='ltr'>Sed</span> <span class='ocrx_word' id='word_1_75' title='bbox 505 2837 577 2880; x_wconf 90' lang='lat' dir='ltr'>cum</span> <span class='ocrx_word' id='word_1_76' title='bbox 599 2816 633 2880; x_wconf 93' lang='lat' dir='ltr'>in</span> <span class='ocrx_word' id='word_1_77' title='bbox 655 2816 797 2883; x_wconf 82' lang='lat' dir='ltr'>Homero</span> <span class='ocrx_word' id='word_1_78' title='bbox 819 2817 953 2901; x_wconf 87' lang='lat' dir='ltr'>aliisque</span> <span class='ocrx_word' id='word_1_79' title='bbox 974 2820 1079 2904; x_wconf 90' lang='lat' dir='ltr'>poetis</span> <span class='ocrx_word' id='word_1_80' title='bbox 1100 2820 1303 2904; x_wconf 87' lang='lat' dir='ltr'>potissimum</span> 
     </span>
     <span class='ocr_line' id='line_1_13' title="bbox 135 2923 1302 3009; baseline 0.002 -19"><span class='ocrx_word' id='word_1_81' title='bbox 135 2925 214 2990; x_wconf 85' lang='lat' dir='ltr'>haec</span> <span class='ocrx_word' id='word_1_82' title='bbox 236 2946 332 3008; x_wconf 89' lang='lat' dir='ltr'>opera</span> <span class='ocrx_word' id='word_1_83' title='bbox 352 2926 543 3003; x_wconf 85' lang='lat' dir='ltr'>versaretur,</span> <span class='ocrx_word' id='word_1_84' title='bbox 571 2923 626 3008; x_wconf 90' lang='lat' dir='ltr'>qui</span> <span class='ocrx_word' id='word_1_85' title='bbox 647 2923 769 3009; x_wconf 87' lang='lat' dir='ltr'>ignotis</span> <span class='ocrx_word' id='word_1_86' title='bbox 795 2946 831 2990; x_wconf 87' lang='lat' dir='ltr'>ac</span> <span class='ocrx_word' id='word_1_87' title='bbox 848 2925 900 2990; x_wconf 85' lang='lat' dir='ltr'>vel</span> <span class='ocrx_word' id='word_1_88' title='bbox 920 2926 985 2990; x_wconf 91' lang='lat' dir='ltr'>iam</span> <span class='ocrx_word' id='word_1_89' title='bbox 1008 2926 1062 2992; x_wconf 88' lang='lat' dir='ltr'>diu</span> <span class='ocrx_word' id='word_1_90' title='bbox 1082 2927 1302 2992; x_wconf 86' lang='lat' dir='ltr'>intermortuis</span> 
     </span>
     <span class='ocr_line' id='line_1_14' title="bbox 137 3028 1304 3116; baseline 0.001 -18"><span class='ocrx_word' id='word_1_91' title='bbox 137 3032 185 3098; x_wconf 84' lang='lat' dir='ltr'>vel</span> <span class='ocrx_word' id='word_1_92' title='bbox 200 3031 263 3096; x_wconf 90' lang='lat' dir='ltr'>hoc</span> <span class='ocrx_word' id='word_1_93' title='bbox 277 3033 310 3097; x_wconf 89' lang='lat' dir='ltr'>et</span> <span class='ocrx_word' id='word_1_94' title='bbox 324 3030 380 3095; x_wconf 93' lang='lat' dir='ltr'>illo</span> <span class='ocrx_word' id='word_1_95' title='bbox 396 3028 546 3095; x_wconf 79' lang='lat' dir='ltr'>Graeciae</span> <span class='ocrx_word' id='word_1_96' title='bbox 561 3031 681 3116; x_wconf 83' lang='lat' dir='ltr'>angulo</span> <span class='ocrx_word' id='word_1_97' title='bbox 696 3033 870 3098; x_wconf 88' lang='lat' dir='ltr'>reconditis</span> <span class='ocrx_word' id='word_1_98' title='bbox 884 3033 1049 3098; x_wconf 87' lang='lat' dir='ltr'>vocabulis</span> <span class='ocrx_word' id='word_1_99' title='bbox 1064 3034 1173 3100; x_wconf 86' lang='lat' dir='ltr'>referti</span> <span class='ocrx_word' id='word_1_100' title='bbox 1189 3039 1304 3115; x_wconf 82' lang='lat' dir='ltr'>essent,</span> 
     </span>
     <span class='ocr_line' id='line_1_15' title="bbox 136 3137 1304 3227; baseline 0.003 -24"><span class='ocrx_word' id='word_1_101' title='bbox 136 3139 198 3204; x_wconf 92' lang='lat' dir='ltr'>nisi</span> <span class='ocrx_word' id='word_1_102' title='bbox 226 3142 259 3204; x_wconf 91' lang='lat' dir='ltr'>et</span> <span class='ocrx_word' id='word_1_103' title='bbox 290 3137 433 3202; x_wconf 88' lang='lat' dir='ltr'>doctrina</span> <span class='ocrx_word' id='word_1_104' title='bbox 462 3141 495 3202; x_wconf 91' lang='lat' dir='ltr'>et</span> <span class='ocrx_word' id='word_1_105' title='bbox 526 3137 686 3204; x_wconf 88' lang='lat' dir='ltr'>subtilitas</span> <span class='ocrx_word' id='word_1_106' title='bbox 722 3143 755 3204; x_wconf 91' lang='lat' dir='ltr'>et</span> <span class='ocrx_word' id='word_1_107' title='bbox 781 3141 908 3205; x_wconf 88' lang='lat' dir='ltr'>nativus</span> <span class='ocrx_word' id='word_1_108' title='bbox 931 3142 1061 3225; x_wconf 88' lang='lat' dir='ltr'>quidam</span> <span class='ocrx_word' id='word_1_109' title='bbox 1082 3142 1148 3208; x_wconf 86' lang='lat' dir='ltr'>veri</span> <span class='ocrx_word' id='word_1_110' title='bbox 1167 3141 1304 3227; x_wconf 89' lang='lat' dir='ltr'>falsique</span> 
     </span>
     <span class='ocr_line' id='line_1_16' title="bbox 137 3244 1303 3334; baseline 0.002 -22"><span class='ocrx_word' id='word_1_111' title='bbox 137 3268 249 3312; x_wconf 89' lang='lat' dir='ltr'>sensus</span> <span class='ocrx_word' id='word_1_112' title='bbox 271 3245 443 3324; x_wconf 81' lang='lat' dir='ltr'>accederet,</span> <span class='ocrx_word' id='word_1_113' title='bbox 464 3245 568 3310; x_wconf 87' lang='lat' dir='ltr'>omnis</span> <span class='ocrx_word' id='word_1_114' title='bbox 589 3244 682 3311; x_wconf 89' lang='lat' dir='ltr'>labor</span> <span class='ocrx_word' id='word_1_115' title='bbox 697 3269 799 3312; x_wconf 85' lang='lat' dir='ltr'>vanus</span> <span class='ocrx_word' id='word_1_116' title='bbox 818 3269 983 3333; x_wconf 85' lang='lat' dir='ltr'>vagusque</span> <span class='ocrx_word' id='word_1_117' title='bbox 997 3253 1075 3316; x_wconf 88' lang='lat' dir='ltr'>erat.</span> <span class='ocrx_word' id='word_1_118' title='bbox 1103 3249 1303 3334; x_wconf 85' lang='lat' dir='ltr'>Quamquam</span> 
     </span>
     <span class='ocr_line' id='line_1_17' title="bbox 136 3353 1303 3441; baseline 0.003 -22"><span class='ocrx_word' id='word_1_119' title='bbox 136 3354 187 3419; x_wconf 87' lang='lat' dir='ltr'>vel</span> <span class='ocrx_word' id='word_1_120' title='bbox 215 3353 396 3441; x_wconf 81' lang='lat' dir='ltr'>vulgarium</span> <span class='ocrx_word' id='word_1_121' title='bbox 425 3353 655 3418; x_wconf 86' lang='lat' dir='ltr'>vocabulorum</span> <span class='ocrx_word' id='word_1_122' title='bbox 685 3358 835 3420; x_wconf 86' lang='lat' dir='ltr'>accentus</span> <span class='ocrx_word' id='word_1_123' title='bbox 869 3379 963 3441; x_wconf 89' lang='lat' dir='ltr'>saepe</span> <span class='ocrx_word' id='word_1_124' title='bbox 990 3380 1057 3423; x_wconf 91' lang='lat' dir='ltr'>non</span> <span class='ocrx_word' id='word_1_125' title='bbox 1085 3357 1148 3423; x_wconf 91' lang='lat' dir='ltr'>nisi</span> <span class='ocrx_word' id='word_1_126' title='bbox 1176 3357 1303 3423; x_wconf 85' lang='lat' dir='ltr'>assidua</span> 
     </span>
     <span class='ocr_line' id='line_1_18' title="bbox 137 3460 1302 3549; baseline 0.001 -21"><span class='ocrx_word' id='word_1_127' title='bbox 137 3461 360 3528; x_wconf 90' lang='lat' dir='ltr'>observatione</span> <span class='ocrx_word' id='word_1_128' title='bbox 381 3460 536 3527; x_wconf 83' lang='lat' dir='ltr'>constitit.</span> <span class='ocrx_word' id='word_1_129' title='bbox 570 3461 609 3529; x_wconf 85' lang='grc' dir='ltr'>Ε.</span> <span class='ocrx_word' id='word_1_130' title='bbox 625 3480 838 3547; x_wconf 56' lang='lat' dir='ltr'>garumnae,</span> <span class='ocrx_word' id='word_1_131' title='bbox 862 3465 1029 3530; x_wconf 90' lang='lat' dir='ltr'>notionem</span> <span class='ocrx_word' id='word_1_132' title='bbox 1050 3464 1231 3549; x_wconf 87' lang='lat' dir='ltr'>imperativi</span> <span class='ocrx_word' id='word_1_133' title='bbox 1244 3464 1302 3529; x_wconf 85' lang='lat' dir='ltr'>ila-</span> 
     </span>
     <span class='ocr_line' id='line_1_19' title="bbox 137 3568 1301 3656; baseline 0.003 -22"><span class='ocrx_word' id='word_1_134' title='bbox 137 3571 252 3653; x_wconf 82' lang='lat' dir='ltr'>gitans‚</span> <span class='ocrx_word' id='word_1_135' title='bbox 273 3570 308 3634; x_wconf 94' lang='lat' dir='ltr'>in</span> <span class='ocrx_word' id='word_1_136' title='bbox 328 3568 509 3634; x_wconf 90' lang='lat' dir='ltr'>Homericis</span> <span class='ocrx_word' id='word_1_137' title='bbox 531 3569 675 3648; x_wconf 64' lang='lat' dir='ltr'>offertum</span> <span class='ocrx_word' id='word_1_138' title='bbox 697 3593 762 3654; x_wconf 92' lang='lat' dir='ltr'>quo</span> <span class='ocrx_word' id='word_1_139' title='bbox 782 3576 916 3637; x_wconf 89' lang='lat' dir='ltr'>accentu</span> <span class='ocrx_word' id='word_1_140' title='bbox 937 3573 1087 3637; x_wconf 81' lang='lat' dir='ltr'>notabis?</span> <span class='ocrx_word' id='word_1_141' title='bbox 1122 3572 1187 3639; x_wconf 83' lang='lat' dir='ltr'>sed</span> <span class='ocrx_word' id='word_1_142' title='bbox 1209 3573 1301 3656; x_wconf 88' lang='lat' dir='ltr'>quid-</span> 
     </span>
     <span class='ocr_line' id='line_1_20' title="bbox 137 3676 1384 3763; baseline 0 -20"><span class='ocrx_word' id='word_1_143' title='bbox 137 3677 215 3763; x_wconf 90' lang='lat' dir='ltr'>quid</span> <span class='ocrx_word' id='word_1_144' title='bbox 240 3678 274 3742; x_wconf 93' lang='lat' dir='ltr'>in</span> <span class='ocrx_word' id='word_1_145' title='bbox 299 3677 360 3742; x_wconf 87' lang='lat' dir='ltr'>hac</span> <span class='ocrx_word' id='word_1_146' title='bbox 385 3698 420 3741; x_wconf 89' lang='lat' dir='ltr'>re</span> <span class='ocrx_word' id='word_1_147' title='bbox 449 3676 489 3742; x_wconf 89' lang='lat' dir='ltr'>ab</span> <span class='ocrx_word' id='word_1_148' title='bbox 511 3676 735 3742; x_wconf 84' lang='lat' dir='ltr'>Alexandrinis</span> <span class='ocrx_word' id='word_1_149' title='bbox 756 3680 959 3762; x_wconf 82' lang='lat' dir='ltr'>praestitum,</span> <span class='ocrx_word' id='word_1_150' title='bbox 984 3680 1018 3745; x_wconf 89' lang='lat' dir='ltr'>id</span> <span class='ocrx_word' id='word_1_151' title='bbox 1039 3683 1144 3746; x_wconf 91' lang='lat' dir='ltr'>totum</span> <span class='ocrx_word' id='word_1_152' title='bbox 1165 3682 1205 3746; x_wconf 91' lang='lat' dir='ltr'>ab</span> <span class='ocrx_word' id='word_1_153' title='bbox 1226 3681 1384 3759; x_wconf 77' lang='lat' dir='ltr'>Ari-(258)</span> 
     </span>
     <span class='ocr_line' id='line_1_21' title="bbox 136 3784 1301 3872; baseline 0.003 -22"><span class='ocrx_word' id='word_1_154' title='bbox 136 3785 263 3850; x_wconf 84' lang='lat' dir='ltr'>starcho</span> <span class='ocrx_word' id='word_1_155' title='bbox 285 3786 424 3871; x_wconf 88' lang='lat' dir='ltr'>pendere</span> <span class='ocrx_word' id='word_1_156' title='bbox 445 3786 514 3850; x_wconf 90' lang='lat' dir='ltr'>iure</span> <span class='ocrx_word' id='word_1_157' title='bbox 536 3784 768 3850; x_wconf 88' lang='lat' dir='ltr'>contendimus.</span> <span class='ocrx_word' id='word_1_158' title='bbox 809 3785 939 3852; x_wconf 83' lang='lat' dir='ltr'>Etenim</span> <span class='ocrx_word' id='word_1_159' title='bbox 961 3811 1156 3872; x_wconf 87' lang='lat' dir='ltr'>quamquam</span> <span class='ocrx_word' id='word_1_160' title='bbox 1176 3788 1301 3853; x_wconf 88' lang='lat' dir='ltr'>Aristo-</span> 
     </span>
     <span class='ocr_line' id='line_1_22' title="bbox 135 3893 1301 3981; baseline 0.003 -23"><span class='ocrx_word' id='word_1_161' title='bbox 135 3894 257 3979; x_wconf 86' lang='lat' dir='ltr'>phanes</span> <span class='ocrx_word' id='word_1_162' title='bbox 280 3893 397 3959; x_wconf 89' lang='lat' dir='ltr'>dicitur</span> <span class='ocrx_word' id='word_1_163' title='bbox 417 3897 510 3958; x_wconf 89' lang='lat' dir='ltr'>notas</span> <span class='ocrx_word' id='word_1_164' title='bbox 532 3897 722 3958; x_wconf 89' lang='lat' dir='ltr'>accentuum</span> <span class='ocrx_word' id='word_1_165' title='bbox 743 3893 911 3974; x_wconf 85' lang='lat' dir='ltr'>invenisse,</span> <span class='ocrx_word' id='word_1_166' title='bbox 932 3895 1091 3960; x_wconf 89' lang='lat' dir='ltr'>tamenin</span> <span class='ocrx_word' id='word_1_167' title='bbox 1108 3896 1301 3981; x_wconf 82' lang='lat' dir='ltr'>hocgenere</span> 
     </span>
     <span class='ocr_line' id='line_1_23' title="bbox 136 4000 1301 4087; baseline 0.001 -21"><span class='ocrx_word' id='word_1_168' title='bbox 136 4001 205 4066; x_wconf 89' lang='lat' dir='ltr'>eius</span> <span class='ocrx_word' id='word_1_169' title='bbox 232 4023 329 4086; x_wconf 88' lang='lat' dir='ltr'>opera</span> <span class='ocrx_word' id='word_1_170' title='bbox 357 4001 474 4086; x_wconf 85' lang='lat' dir='ltr'>exigua</span> <span class='ocrx_word' id='word_1_171' title='bbox 494 4000 571 4081; x_wconf 87' lang='lat' dir='ltr'>fuit,</span> <span class='ocrx_word' id='word_1_172' title='bbox 596 4001 732 4066; x_wconf 86' lang='lat' dir='ltr'>fortasse</span> <span class='ocrx_word' id='word_1_173' title='bbox 753 4000 787 4064; x_wconf 91' lang='lat' dir='ltr'>iu</span> <span class='ocrx_word' id='word_1_174' title='bbox 809 4002 1012 4087; x_wconf 83' lang='lat' dir='ltr'>generalibus</span> <span class='ocrx_word' id='word_1_175' title='bbox 1035 4002 1226 4086; x_wconf 89' lang='lat' dir='ltr'>quibusdam</span> <span class='ocrx_word' id='word_1_176' title='bbox 1250 4026 1301 4067; x_wconf 92' lang='lat' dir='ltr'>re-</span> 
     </span>
     <span class='ocr_line' id='line_1_24' title="bbox 136 4107 1301 4195; baseline 0 -22"><span class='ocrx_word' id='word_1_177' title='bbox 136 4108 220 4194; x_wconf 78' lang='lat' dir='ltr'>gulis</span> <span class='ocrx_word' id='word_1_178' title='bbox 239 4108 348 4193; x_wconf 92' lang='lat' dir='ltr'>potius</span> <span class='ocrx_word' id='word_1_179' title='bbox 369 4131 466 4192; x_wconf 86' lang='lat' dir='ltr'>quam</span> <span class='ocrx_word' id='word_1_180' title='bbox 488 4107 521 4172; x_wconf 91' lang='lat' dir='ltr'>in</span> <span class='ocrx_word' id='word_1_181' title='bbox 543 4108 681 4195; x_wconf 86' lang='lat' dir='ltr'>singulis</span> <span class='ocrx_word' id='word_1_182' title='bbox 702 4113 871 4193; x_wconf 91' lang='lat' dir='ltr'>poetarum</span> <span class='ocrx_word' id='word_1_183' title='bbox 886 4109 1019 4175; x_wconf 85' lang='lat' dir='ltr'>vocibus</span> <span class='ocrx_word' id='word_1_184' title='bbox 1034 4110 1184 4176; x_wconf 87' lang='lat' dir='ltr'>notandis</span> <span class='ocrx_word' id='word_1_185' title='bbox 1200 4114 1232 4176; x_wconf 91' lang='lat' dir='ltr'>et</span> <span class='ocrx_word' id='word_1_186' title='bbox 1247 4133 1301 4175; x_wconf 86' lang='lat' dir='ltr'>ex-</span> 
     </span>
     <span class='ocr_line' id='line_1_25' title="bbox 135 4215 1301 4302; baseline 0.003 -23"><span class='ocrx_word' id='word_1_187' title='bbox 135 4215 301 4299; x_wconf 87' lang='lat' dir='ltr'>pediendis</span> <span class='ocrx_word' id='word_1_188' title='bbox 324 4219 490 4300; x_wconf 86' lang='lat' dir='ltr'>occupata:</span> <span class='ocrx_word' id='word_1_189' title='bbox 518 4221 551 4281; x_wconf 89' lang='lat' dir='ltr'>et</span> <span class='ocrx_word' id='word_1_190' title='bbox 572 4217 599 4281; x_wconf 87' lang='lat' dir='ltr'>si</span> <span class='ocrx_word' id='word_1_191' title='bbox 621 4217 699 4302; x_wconf 89' lang='lat' dir='ltr'>quid</span> <span class='ocrx_word' id='word_1_192' title='bbox 720 4217 878 4282; x_wconf 86' lang='lat' dir='ltr'>eiusmodi</span> <span class='ocrx_word' id='word_1_193' title='bbox 899 4218 1043 4297; x_wconf 82' lang='lat' dir='ltr'>tentavit,</span> <span class='ocrx_word' id='word_1_194' title='bbox 1064 4240 1139 4302; x_wconf 87' lang='lat' dir='ltr'>prae</span> <span class='ocrx_word' id='word_1_195' title='bbox 1160 4218 1301 4283; x_wconf 87' lang='lat' dir='ltr'>Aristar-</span> 
     </span>
     <span class='ocr_line' id='line_1_26' title="bbox 136 4321 1363 4407; baseline 0.002 -22"><span class='ocrx_word' id='word_1_196' title='bbox 136 4321 215 4387; x_wconf 87' lang='lat' dir='ltr'>chea</span> <span class='ocrx_word' id='word_1_197' title='bbox 238 4344 334 4407; x_wconf 87' lang='lat' dir='ltr'>opera</span> <span class='ocrx_word' id='word_1_198' title='bbox 358 4325 426 4388; x_wconf 89' lang='lat' dir='ltr'>tam</span> <span class='ocrx_word' id='word_1_199' title='bbox 452 4323 534 4389; x_wconf 82' lang='lat' dir='ltr'>exile</span> <span class='ocrx_word' id='word_1_200' title='bbox 562 4324 666 4390; x_wconf 86' lang='lat' dir='ltr'>visum</span> <span class='ocrx_word' id='word_1_201' title='bbox 694 4329 743 4390; x_wconf 88' lang='lat' dir='ltr'>est</span> <span class='ocrx_word' id='word_1_202' title='bbox 773 4328 810 4389; x_wconf 92' lang='lat' dir='ltr'>ut</span> <span class='ocrx_word' id='word_1_203' title='bbox 834 4327 941 4390; x_wconf 91' lang='lat' dir='ltr'>totum</span> <span class='ocrx_word' id='word_1_204' title='bbox 962 4326 1002 4389; x_wconf 87' lang='lat' dir='ltr'>ab</span> <span class='ocrx_word' id='word_1_205' title='bbox 1024 4324 1080 4389; x_wconf 89' lang='lat' dir='ltr'>illa</span> <span class='ocrx_word' id='word_1_206' title='bbox 1101 4326 1297 4392; x_wconf 89' lang='lat' dir='ltr'>obrueretur.</span> <span class='ocrx_word' id='word_1_207' title='bbox 1317 4342 1363 4395; x_wconf 81' lang='lat'>251</span> 
     </span>
    </p>
   </div>
   <div class='ocr_carea' id='block_1_6' title="bbox 0 0 1508 4980">
    <p class='ocr_par' dir='ltr' id='par_1_6' title="bbox 0 0 1508 4980">
     <span class='ocr_line' id='line_1_27' title="bbox 0 0 1508 4980; baseline 0 0"><span class='ocrx_word' id='word_1_208' title='bbox 0 0 1508 4980; x_wconf 95' lang='lat' dir='ltr'> </span> 
     </span>
    </p>
   </div>
  </div>
 </body>
</html>
