3008 4980
204 347 243 408 32
487 341 508 396 Ι.
526 340 567 396 De
584 340 709 396 fontibus
728 336 871 394 doctrinae
890 337 1091 393 Aristarchcae.

204 506 287 573 Sunt
322 508 384 572 alia
424 531 463 573 ex
501 508 729 594 Porphyrianis
765 509 907 591 sumpta,
941 506 1058 590 partim
1088 507 1225 587 integra,
1257 505 1375 589 partim

202 616 332 680 brevem
365 637 476 680 eorum
502 639 659 681 summam
687 615 840 679 habentia
868 616 916 695 (ut
943 618 975 676 T
997 616 1062 696 79),
1089 613 1151 678 alia
1177 634 1216 676 ex
1242 613 1375 695 reliquis

203 721 341 787 scholiis.

285 829 405 895 Contra
444 830 531 894 haud
570 853 672 916 pauca
712 853 751 894 ex
786 829 854 895 cod.
896 829 926 892 A
964 828 1130 913 paullatim
1164 828 1198 891 in
1232 827 1376 911 reliquos

203 936 294 1001 codd,
329 937 496 1016 translata,
525 939 591 1002 imo
627 938 784 1022 quaedam
810 937 845 1000 in
873 937 935 1000 hoc
972 935 1040 1000 cod.
1073 935 1253 999 deficientia
1277 935 1375 1000 hodie

202 1045 237 1107 in
268 1045 338 1108 aliis
366 1049 501 1110 exstant.
551 1044 596 1110 Ut
623 1046 754 1110 omnino
784 1066 823 1108 ex
852 1044 938 1108 omni
974 1043 1040 1107 fere
1076 1043 1270 1108 scholiorum
1305 1043 1376 1107 Ho-

203 1153 394 1216 merioorum
423 1175 540 1238 genere
566 1152 741 1236 particulae
766 1151 903 1216 invicem
928 1151 1101 1215 translatae
1128 1154 1160 1214 et
1185 1150 1376 1214 commixtae

204 1263 359 1344 apparent
369 1261 404 1324 ¹⁷.

717 1764 758 1838 O.
794 1763 862 1838 ΠΙ.

465 1947 515 2012 De
526 1947 596 2030 fide
618 1946 707 2013 codd.
729 1945 759 2008 L
780 1958 809 2008 et
836 1945 912 2010 Vct
932 1945 1104 2012 1111111111ὶῖ

287 2115 306 2197 ὅ
333 2121 356 2179 1.
394 2111 429 2178 Si
458 2113 530 2196 quis
557 2113 657 2198 igitur
683 2112 791 2176 codice
812 2111 842 2174 A
863 2115 948 2175 recte
969 2112 1019 2175 uti
1040 2113 1123 2192 vult,
1150 2115 1289 2198 quodam
1311 2116 1376 2181 lec-

204 2221 304 2286 tionis
318 2243 379 2285 usu
401 2224 433 2284 et
454 2221 625 2304 pmdentia
646 2242 727 2305 opus
749 2223 805 2284 est.
842 2217 912 2295 Qua
932 2241 998 2284 non
1022 2241 1103 2304 opus
1124 2221 1158 2285 in
1181 2223 1271 2288 codd.
1290 2223 1322 2288 V
1344 2227 1377 2288 et

203 2329 228 2394 L
251 2332 284 2392 11
305 2351 387 2412 quae
408 2327 435 2392 B
459 2350 531 2392 11111
556 2329 608 2392 his
630 2327 812 2392 communia
833 2325 940 2391 habet.
978 2325 1064 2391 Nam
1091 2327 1129 2391 de
1157 2328 1208 2392 his
1237 2330 1377 2395 breviter

206 2438 268 2501 dici
288 2439 411 2522 potest,
433 2435 558 2500 nullum
579 2459 681 2500 unum
700 2435 833 2499 verbum
853 2434 893 2498 iis
915 2434 1108 2498 credendum
1131 2457 1200 2498 esse
1212 2435 1248 2504 18.
1290 2437 1314 2501 L
1336 2438 1377 2502 111

203 2548 242 2608 A
264 2550 324 2611 567
345 2538 380 2606 αἱ
401 2549 506 2606 πᾶσαι
529 2536 673 2620 ἅέπτους
700 2537 838 2622 11111111
881 2544 915 2604 11
937 2542 982 2605 sic
1008 2565 1092 2606 unus
1113 2542 1228 2607 habuit
1249 2544 1377 2609 Aristo-

203 2653 326 2737 phanes
347 2646 395 2734 (ἓν
409 2643 587 2734 planare).
623 2652 662 2715 A
676 2656 737 2718 585
759 2651 868 2713 πᾶσαι
889 2641 1006 2725 ἑνικῶς
1027 2645 1138 2729 &iocos
1158 2647 1195 2713 τὸ
1216 2650 1312 2732 χειρί,
1337 2645 1374 2716 οὗ

204 2760 445 2843 πληθυντικῶς.
485 2759 531 2824 At
556 2759 654 2824 schol.
682 2760 727 2835 A,
754 2779 793 2821 ex
820 2780 884 2841 quo
912 2756 1033 2832 hausit,
1059 2780 1124 2822 non
1152 2781 1262 2823 omnes
1290 2760 1376 2839 dicit,

205 2868 261 2932 sed
294 2871 432 2950 quatuor
464 2870 566 2930 certas
601 2869 774 2930 enumerat.
825 2864 907 2929 Item
940 2870 978 2928 A
1004 2871 1064 2932 598
1094 2858 1239 2944 οἰνοχόει
1263 2859 1378 2944 Ἰακῶς

157 2991 189 3042 32
207 2975 326 3037 πᾶσαι.
361 2974 407 3036 Α1
421 2996 477 3038 sex
491 2975 557 3038 suis
574 2973 760 3037 nominibus
774 2973 809 3038 in
826 2974 923 3038 schol.
939 2973 969 3036 A
984 2976 1196 3052 enumeratae,
1217 2975 1279 3039 hoc
1295 2998 1377 3059 quae

205 3081 358 3159 habeant,
384 3081 515 3145 minime
538 3103 657 3146 omnes.
692 3078 774 3162 Item
796 3080 877 3146 falso
899 3083 1008 3144 πᾶσαι
1030 3080 1061 3145 V
1082 3081 1122 3145 ad
1144 3084 1175 3143 Γ
1194 3087 1261 3149 368.
1291 3081 1377 3148 BLV

272 3381 367 3435 171111
389 3379 458 3433 mihi
484 3396 559 3433 error
582 3378 715 3432 delendus
743 3381 811 3445 erat,
835 3395 920 3446 quem
937 3378 968 3431 in
985 3379 1078 3448 priore
1101 3379 1224 3434 editione
1242 3382 1277 3435 de
1295 3381 1376 3436 Sena-

205 3465 326 3519 cherimo
348 3465 547 3528 commiseram,
572 3479 655 3531 quem
684 3465 865 3532 personatum
887 3462 1074 3517 Hortibonum
1104 3468 1148 3532 (ex
1177 3465 1304 3519 Arabicis
1331 3485 1377 3521 vo-

206 3549 283 3603 cibus
301 3549 442 3604 dschenna
460 3551 489 3602 11
506 3548 595 3602 herim
611 3576 646 3587 -
662 3547 767 3615 hortus,
785 3547 933 3618 benignus)
956 3551 1129 3618 putaveram.
1165 3549 1378 3605 Admonuerunt

205 3650 250 3687 me
272 3634 428 3704 complures
450 3650 484 3687 ex
505 3631 636 3700 Peyronii
657 3631 764 3685 Notitia
792 3632 827 3685 de
852 3631 931 3686 libris
957 3632 1214 3703 ValpergaCalusii
1234 3654 1262 3705 p.
1287 3640 1318 3690 23
1342 3636 1377 3689 de

204 3717 341 3773 Michaele
363 3717 558 3773 Senacherimo
580 3715 624 3770 vel
647 3715 834 3771 senacheribo
856 3715 978 3770 Nicaeno
1007 3716 1110 3770 saeculi
1139 3717 1215 3774 XIH.
1237 3737 1263 3772 v.
1292 3719 1377 3774 Bem-

204 3801 295 3870 hardy
311 3802 375 3859 hist.
393 3802 448 3855 litt.
467 3800 511 3856 Gr.
530 3799 557 3854 H
577 3803 605 3855 1³
622 3819 650 3870 p.
669 3805 727 3854 203.
762 3799 891 3854 11111111
909 3800 1094 3871 comperimus
1111 3801 1141 3854 in
1160 3802 1254 3857 codice
1272 3803 1375 3859 Vindo-

204 3885 323 3943 bonensi
344 3885 381 3938 ad
402 3886 452 3940 01.
474 3906 495 3953 μ
518 3891 567 3941 290
589 3886 659 3939 haec
681 3901 750 3938 esse:
781 3881 810 3939 ol
831 3884 887 3952 μὲν
908 3887 1148 3958 γράφουσιν...
1169 3882 1261 3954 ,ἐμοὶ
1282 3887 1314 3944 db
1335 3894 1379 3962 τῷ

205 3971 378 4040 σεναχηρεὶμ
399 3961 493 4032 οὕτως
514 3970 650 4040 ἐξήγηται
677 3963 776 4036 ἀέκητι
803 3972 863 4023 τῶν
891 3972 972 4025 θεῶν
1001 3962 1146 4025 ἀνάκτων·
1180 3965 1291 4041 εἴρηται
1320 3967 1376 4044 γὰρ

204 4048 411 4124 ὑπερβολικῶς.
446 4071 473 4108 v.
490 4054 584 4109 Ueber
601 4053 646 4108 die
663 4051 880 4108 Handschriften
903 4054 953 4108 der
971 4054 1101 4109 Scholion
1118 4072 1166 4109 zur
1184 4055 1303 4124 Odyssea
1321 4075 1377 4111 von

205 4136 272 4192 Max
287 4154 344 4192 von
359 4137 491 4208 Karajan.
525 4139 610 4194 Wien
629 4143 692 4193 1857
711 4156 738 4208 p.
757 4143 797 4192 48.

273 4223 299 4264 1⁸
314 4221 376 4277 Hoc
393 4225 425 4276 ut
447 4223 571 4276 dixeram
588 4224 629 4278 ita
650 4227 692 4278 est
719 4226 748 4277 et
769 4221 810 4276 ita
829 4223 983 4277 tenendum
1000 4225 1049 4278 est.
1085 4223 1196 4278 Accidit
1213 4228 1246 4278 111
1263 4224 1377 4292 quidam

207 4306 402 4362 benevolentes
426 4305 511 4360 etiam
536 4306 590 4360 viri
610 4308 663 4361 hoc
685 4305 877 4375 intelligerent
900 4308 980 4375 quasi
1010 4308 1138 4363 dixissem
1160 4308 1268 4362 nullum
1290 4327 1377 4362 unum

208 4409 305 4447 verum
321 4391 438 4446 verbum
454 4390 552 4446 inesse.
587 4391 667 4456 Quod
684 4408 749 4446 sane
768 4390 791 4445 si
809 4390 938 4447 dixissem
956 4393 1075 4447 absurde
1097 4392 1232 4447 dixissem.
