3046 4980
525 1130 826 1246 Dissertatio
863 1135 941 1248 IV.

585 1374 652 1454 De
680 1375 889 1482 prosodia.

683 1722 723 1797 O.
752 1724 781 1798 I.

608 1904 658 1968 De
679 1906 867 1970 accentibus.

235 2073 253 2156 ἕ
278 2079 304 2136 1.
347 2070 503 2135 Veterum
529 2070 812 2155 grammaticorum
837 2071 951 2137 merita
973 2072 1000 2136 si
1022 2073 1094 2156 quis
1115 2075 1201 2138 recte
1224 2073 1326 2139 cesti.

152 2202 239 2246 mare
260 2176 338 2256 vult,
357 2178 385 2242 is
406 2199 483 2262 prae
505 2176 577 2242 aliis
597 2176 709 2243 multis
730 2178 792 2244 hoc
814 2202 915 2244 unum
937 2202 1044 2245 secum
1063 2183 1201 2265 reputet,
1218 2202 1321 2264 quan-

152 2289 194 2353 tis
216 2285 380 2351 laboribus
409 2289 596 2368 quantoque
625 2285 771 2352 acumine
798 2308 880 2372 opus
907 2287 1006 2353 fuerit
1026 2287 1067 2352 ad
1087 2287 1187 2352 libros
1209 2310 1319 2353 accen·

151 2400 244 2461 tuum
266 2393 352 2458 notis
374 2392 629 2477 distinguendos.
673 2392 736 2471 Qui
753 2392 847 2458 labor
868 2395 895 2458 si
916 2395 950 2459 in
973 2395 1173 2461 orationibus
1194 2400 1251 2460 aut
1270 2396 1321 2460 in·

152 2503 290 2588 cepisset
312 2503 368 2567 aut
388 2500 597 2581 substitisset,
618 2500 754 2567 fortasse
775 2501 933 2566 industria
954 2503 1023 2568 sola
1044 2502 1225 2567 adhibenda
1245 2506 1321 2582 erat,

153 2611 273 2697 quippe
293 2631 366 2676 cum
386 2609 421 2672 in
440 2607 601 2692 plerisque
623 2609 735 2693 regula
756 2611 906 2675 accentus
928 2630 966 2672 ex
988 2609 1167 2675 doctiorum
1183 2609 1321 2675 Graeco·

151 2742 231 2798 rum,
251 2718 417 2783 rhetorum
438 2715 768 2801 philosophorumque
782 2719 853 2781 tunr
867 2717 1003 2781 maxime
1019 2717 1251 2803 disputantium
1266 2739 1320 2782 ore

151 2827 218 2913 peti
240 2825 407 2911 potuisset.
437 2823 501 2889 sed
522 2845 594 2887 cum
616 2823 650 2888 in
672 2823 814 2889 Homero
836 2823 970 2908 aliisque
991 2825 1096 2910 poetis
1118 2824 1320 2909 potissimum

151 2936 230 3002 haec
252 2955 349 3018 opera
369 2935 560 3011 versaretur,
588 2931 643 3014 qui
664 2931 786 3016 ignotis
812 2953 847 2997 ac
866 2930 917 2996 vel
937 2933 1002 2996 iam
1025 2933 1079 2998 diu
1099 2932 1319 2997 intermortuis

153 3043 203 3108 vel
216 3041 279 3106 hoc
294 3043 327 3106 et
341 3039 397 3104 illo
413 3037 563 3104 Graeciae
578 3038 698 3123 angulo
713 3038 887 3105 reconditis
902 3039 1067 3105 vocabulis
1081 3040 1191 3105 referti
1207 3043 1321 3119 essent,

153 3149 215 3214 nisi
243 3151 276 3214 et
306 3145 450 3213 doctrina
480 3149 513 3210 et
543 3145 703 3210 subtilitas
740 3150 772 3211 et
799 3147 926 3211 nativus
948 3148 1078 3231 quidam
1099 3147 1165 3213 veri
1184 3146 1321 3231 falsique

154 3279 266 3322 sensus
288 3255 460 3332 accederet,
482 3253 585 3318 omnis
606 3253 699 3319 labor
716 3276 816 3319 vanus
835 3275 1001 3339 vagusque
1016 3258 1093 3321 erat.
1121 3254 1321 3339 Quamquam

36 3446 44 3459 ·
153 3364 204 3430 vel
232 3363 413 3449 uulgarium
443 3361 672 3427 vocabulorum
703 3365 853 3427 accentus
887 3385 981 3447 saepe
1007 3385 1075 3428 non
1103 3362 1166 3427 nisi
1194 3361 1321 3427 assidua

154 3471 378 3538 observatione
398 3468 553 3536 constitit.
588 3469 627 3537 Ε.
642 3487 856 3555 garamanne,
880 3470 1047 3535 notionem
1068 3468 1248 3554 imperativi
1262 3468 1320 3533 fla-

154 3581 270 3664 gitans,
290 3580 325 3644 in
346 3576 526 3643 Homericis
548 3577 693 3655 offertum
715 3600 779 3663 quo
800 3581 934 3643 accentu
955 3577 1105 3642 notabis?
1140 3576 1204 3643 Sed
1227 3577 1319 3660 quid-

154 3688 232 3773 quid
257 3688 291 3752 in
317 3687 377 3751 hac
403 3708 437 3750 re
466 3686 506 3750 ab
528 3685 753 3750 Alexandrinis
774 3686 977 3769 praestitum,
1002 3685 1036 3749 id
1056 3688 1162 3750 totum
1183 3685 1223 3750 ab
1244 3684 1402 3762 Ari-(258)

153 3795 280 3860 starcho
303 3794 442 3880 pendere
462 3795 531 3858 iure
554 3792 785 3858 contendimus.
826 3791 958 3857 Etenim
980 3815 1174 3877 quamquam
1194 3792 1320 3857 Aristo·

152 3904 275 3989 phanes
298 3901 414 3968 dicitur
435 3904 528 3966 notas
550 3904 740 3966 accentuum
761 3900 929 3980 invenisse,
950 3904 1058 3965 tamen
1075 3900 1109 3963 in
1126 3900 1188 3965 hoc
1202 3921 1319 3984 genere

154 4011 222 4076 eius
250 4032 347 4094 opera
376 4009 492 4094 exigua
512 4009 588 4088 suit,
615 4008 750 4074 fortasse
771 4007 805 4071 in
828 4007 1031 4093 generalibus
1054 4007 1245 4092 quibusdam
1269 4030 1320 4071 re-

153 4118 238 4204 ffirlis
257 4116 366 4202 potius
389 4138 484 4200 quam
506 4116 540 4179 in
562 4115 699 4201 singulis
720 4119 888 4200 poetarum
905 4115 1038 4180 vocibus
1052 4115 1202 4180 notandis
1218 4119 1250 4180 et
1266 4137 1320 4179 ex·

152 4224 319 4309 pediendis
342 4227 508 4308 occupata:
537 4227 569 4288 et
590 4224 617 4289 si
639 4224 717 4308 quid
739 4223 895 4288 eiusmodi
918 4223 1062 4301 tentavit,
1082 4245 1158 4306 prae
1178 4222 1319 4288 Aristar-

153 4330 233 4396 chea
255 4353 353 4416 opera
377 4333 444 4396 tam
471 4330 552 4396 exile
580 4331 684 4396 visum
712 4334 762 4397 est
792 4335 828 4395 ut
853 4333 959 4396 totum
980 4332 1021 4395 ab
1043 4329 1098 4394 illa
1120 4331 1316 4397 obrueretur.
1336 4347 1382 4400 251
