<?xml version="1.0" encoding="UTF-8"?>
<!DOCTYPE html PUBLIC "-//W3C//DTD XHTML 1.0 Transitional//EN"
    "http://www.w3.org/TR/xhtml1/DTD/xhtml1-transitional.dtd">
<html xmlns="http://www.w3.org/1999/xhtml" xml:lang="en" lang="en">
 <head>
  <title>
</title>
<meta http-equiv="Content-Type" content="text/html;charset=utf-8" />
  <meta name='ocr-system' content='tesseract 3.04.00' />
  <meta name='ocr-capabilities' content='ocr_page ocr_carea ocr_par ocr_line ocrx_word'/>
</head>
<body>
  <div class='ocr_page' id='page_1' title='image "./dearistarchistu01lehrgoog/dearistarchistu01lehrgoog_0045.png"; bbox 0 0 3008 4980; ppageno 0'>
   <div class='ocr_carea' id='block_1_1' title="bbox 218 316 1104 393">
    <p class='ocr_par' dir='ltr' id='par_1_1' title="bbox 218 316 1104 393">
     <span class='ocr_line' id='line_1_1' title="bbox 218 316 1104 393; baseline 0.007 -23"><span class='ocrx_word' id='word_1_1' title='bbox 218 330 259 393; x_wconf 82' lang='lat'>30</span> <span class='ocrx_word' id='word_1_2' title='bbox 503 319 523 371; x_wconf 93' lang='lat' dir='ltr'>I.</span> <span class='ocrx_word' id='word_1_3' title='bbox 543 318 584 372; x_wconf 88' lang='lat' dir='ltr'>De</span> <span class='ocrx_word' id='word_1_4' title='bbox 601 316 724 373; x_wconf 86' lang='lat' dir='ltr'>fontibus</span> <span class='ocrx_word' id='word_1_5' title='bbox 742 318 885 373; x_wconf 87' lang='lat' dir='ltr'>doctrinae</span> <span class='ocrx_word' id='word_1_6' title='bbox 904 319 1104 376; x_wconf 86' lang='lat' dir='ltr'>Aristarcheae.</span> 
     </span>
    </p>
   </div>
   <div class='ocr_carea' id='block_1_2' title="bbox 153 477 1417 4219">
    <p class='ocr_par' dir='ltr' id='par_1_2' title="bbox 216 477 1390 1002">
     <span class='ocr_line' id='line_1_2' title="bbox 218 477 1388 571; baseline -0.001 -19"><span class='ocrx_word' id='word_1_7' title='bbox 218 481 285 565; x_wconf 72' lang='grc' dir='ltr'>ἐΰς·</span> <span class='ocrx_word' id='word_1_8' title='bbox 307 484 394 564; x_wconf 81' lang='grc' dir='ltr'><em>τινὲς</em></span> <span class='ocrx_word' id='word_1_9' title='bbox 409 483 446 551; x_wconf 78' lang='grc' dir='ltr'>δὲ</span> <span class='ocrx_word' id='word_1_10' title='bbox 470 479 524 571; x_wconf 77' lang='grc' dir='ltr'>ὑφ’</span> <span class='ocrx_word' id='word_1_11' title='bbox 549 477 584 549; x_wconf 69' lang='grc' dir='ltr'>ἓν</span> <span class='ocrx_word' id='word_1_12' title='bbox 604 477 790 567; x_wconf 78' lang='grc' dir='ltr'><em>ἀνέγνωσαν</em></span> <span class='ocrx_word' id='word_1_13' title='bbox 812 479 857 560; x_wconf 77' lang='grc' dir='ltr'>ὡς</span> <span class='ocrx_word' id='word_1_14' title='bbox 880 478 1057 562; x_wconf 77' lang='grc' dir='ltr'>Ἐτεωνεύς.</span> <span class='ocrx_word' id='word_1_15' title='bbox 1109 489 1139 549; x_wconf 91' lang='grc' dir='ltr'><em>Β</em></span> <span class='ocrx_word' id='word_1_16' title='bbox 1168 493 1228 554; x_wconf 85' lang='grc'>662</span> <span class='ocrx_word' id='word_1_17' title='bbox 1257 486 1388 551; x_wconf 84' lang='grc' dir='ltr'><em>Πτολε-</em></span> 
     </span>
     <span class='ocr_line' id='line_1_3' title="bbox 216 585 1390 681; baseline -0.001 -22"><span class='ocrx_word' id='word_1_18' title='bbox 216 590 316 678; x_wconf 84' lang='grc' dir='ltr'><em>μαῖός</em></span> <span class='ocrx_word' id='word_1_19' title='bbox 338 616 440 681; x_wconf 81' lang='grc' dir='ltr'><em>φησιν</em></span> <span class='ocrx_word' id='word_1_20' title='bbox 468 586 486 660; x_wconf 81' lang='grc' dir='ltr'><em>ὃ</em></span> <span class='ocrx_word' id='word_1_21' title='bbox 511 586 759 678; x_wconf 78' lang='grc' dir='ltr'><em>Ἀσκαλωνίτης</em></span> <span class='ocrx_word' id='word_1_22' title='bbox 782 585 996 677; x_wconf 80' lang='grc' dir='ltr'><em>Ἀρίσταρχον</em></span> <span class='ocrx_word' id='word_1_23' title='bbox 1021 587 1240 676; x_wconf 77' lang='grc' dir='ltr'><em>ἀνεγνωκέναι</em></span> <span class='ocrx_word' id='word_1_24' title='bbox 1264 588 1390 675; x_wconf 83' lang='grc' dir='ltr'><em>ὁμοίως</em></span> 
     </span>
     <span class='ocr_line' id='line_1_4' title="bbox 216 692 1389 788; baseline -0.001 -22"><span class='ocrx_word' id='word_1_25' title='bbox 216 705 263 788; x_wconf 81' lang='grc' dir='ltr'>τῷ</span> <span class='ocrx_word' id='word_1_26' title='bbox 286 697 391 780; x_wconf 64' lang='lat' dir='ltr'>„stra</span> <span class='ocrx_word' id='word_1_27' title='bbox 410 699 469 766; x_wconf 81' lang='grc' dir='ltr'>σὺν</span> <span class='ocrx_word' id='word_1_28' title='bbox 495 692 658 787; x_wconf 79' lang='grc' dir='ltr'><em>οὐλομένῃ</em></span> <span class='ocrx_word' id='word_1_29' title='bbox 686 692 822 786; x_wconf 58' lang='grc' dir='ltr'>ἀλόχῳ(ί</span> <span class='ocrx_word' id='word_1_30' title='bbox 850 700 882 783; x_wconf 89' lang='grc' dir='ltr'>(λ</span> <span class='ocrx_word' id='word_1_31' title='bbox 902 705 975 784; x_wconf 87' lang='grc'>410)</span> <span class='ocrx_word' id='word_1_32' title='bbox 1001 698 1086 764; x_wconf 80' lang='grc' dir='ltr'><em>κατὰ</em></span> <span class='ocrx_word' id='word_1_33' title='bbox 1111 696 1278 788; x_wconf 81' lang='grc' dir='ltr'><em>σοστολήν,</em></span> <span class='ocrx_word' id='word_1_34' title='bbox 1323 707 1389 766; x_wconf 91' lang='lat' dir='ltr'>Tv-</span> 
     </span>
     <span class='ocr_line' id='line_1_5' title="bbox 217 800 1389 895; baseline 0.001 -22"><span class='ocrx_word' id='word_1_35' title='bbox 217 804 358 893; x_wconf 80' lang='grc' dir='ltr'><em>ραννίων</em></span> <span class='ocrx_word' id='word_1_36' title='bbox 386 805 423 872; x_wconf 77' lang='grc' dir='ltr'>δὲ</span> <span class='ocrx_word' id='word_1_37' title='bbox 452 800 522 871; x_wconf 79' lang='grc' dir='ltr'><em>κατ’</em></span> <span class='ocrx_word' id='word_1_38' title='bbox 551 802 689 872; x_wconf 73' lang='grc' dir='ltr'><em>ἔκτασιν.</em></span> <span class='ocrx_word' id='word_1_39' title='bbox 736 808 887 873; x_wconf 76' lang='lat' dir='ltr'>Fortasse</span> <span class='ocrx_word' id='word_1_40' title='bbox 909 809 1047 874; x_wconf 75' lang='lat' dir='ltr'>debebat</span> <span class='ocrx_word' id='word_1_41' title='bbox 1068 811 1195 895; x_wconf 87' lang='lat' dir='ltr'>saepius</span> <span class='ocrx_word' id='word_1_42' title='bbox 1214 809 1389 894; x_wconf 89' lang='lat' dir='ltr'>Didymum</span> 
     </span>
     <span class='ocr_line' id='line_1_6' title="bbox 216 919 382 1002; baseline -0.03 -19"><span class='ocrx_word' id='word_1_43' title='bbox 216 919 382 1002; x_wconf 86' lang='lat' dir='ltr'><strong>inspicere.</strong></span> 
     </span>
    </p>

    <p class='ocr_par' dir='ltr' id='par_1_3' title="bbox 216 1022 1412 3361">
     <span class='ocr_line' id='line_1_7' title="bbox 299 1022 1388 1109; baseline 0.002 -20"><span class='ocrx_word' id='word_1_44' title='bbox 299 1025 503 1089; x_wconf 88' lang='lat' dir='ltr'>Herodianea</span> <span class='ocrx_word' id='word_1_45' title='bbox 534 1023 656 1088; x_wconf 88' lang='lat' dir='ltr'>scholia</span> <span class='ocrx_word' id='word_1_46' title='bbox 682 1022 775 1087; x_wconf 85' lang='lat' dir='ltr'>facile</span> <span class='ocrx_word' id='word_1_47' title='bbox 801 1022 907 1087; x_wconf 88' lang='lat' dir='ltr'>colore</span> <span class='ocrx_word' id='word_1_48' title='bbox 933 1045 991 1088; x_wconf 90' lang='lat' dir='ltr'>suo</span> <span class='ocrx_word' id='word_1_49' title='bbox 1026 1029 1253 1109; x_wconf 87' lang='lat' dir='ltr'>agnoscuntur.</span> <span class='ocrx_word' id='word_1_50' title='bbox 1298 1025 1388 1102; x_wconf 82' lang='lat' dir='ltr'>Quae</span> 
     </span>
     <span class='ocr_line' id='line_1_8' title="bbox 216 1129 1389 1217; baseline 0 -19"><span class='ocrx_word' id='word_1_51' title='bbox 216 1133 378 1198; x_wconf 85' lang='lat' dir='ltr'>veteribus</span> <span class='ocrx_word' id='word_1_52' title='bbox 395 1133 498 1197; x_wconf 89' lang='lat' dir='ltr'>dictae</span> <span class='ocrx_word' id='word_1_53' title='bbox 512 1129 682 1215; x_wconf 78' lang='lat' dir='ltr'>prosodiae</span> <span class='ocrx_word' id='word_1_54' title='bbox 703 1131 823 1194; x_wconf 89' lang='lat' dir='ltr'>nemini</span> <span class='ocrx_word' id='word_1_55' title='bbox 845 1131 1056 1215; x_wconf 82' lang='lat' dir='ltr'>incognitum.</span> <span class='ocrx_word' id='word_1_56' title='bbox 1090 1132 1180 1217; x_wconf 83' lang='lat' dir='ltr'>Ergo</span> <span class='ocrx_word' id='word_1_57' title='bbox 1203 1134 1389 1217; x_wconf 90' lang='lat' dir='ltr'>ubicunque</span> 
     </span>
     <span class='ocr_line' id='line_1_9' title="bbox 217 1237 1389 1325; baseline 0.001 -20"><span class='ocrx_word' id='word_1_58' title='bbox 217 1241 325 1325; x_wconf 89' lang='lat' dir='ltr'>aliqua</span> <span class='ocrx_word' id='word_1_59' title='bbox 351 1242 384 1304; x_wconf 92' lang='lat' dir='ltr'>in</span> <span class='ocrx_word' id='word_1_60' title='bbox 405 1238 548 1304; x_wconf 84' lang='lat' dir='ltr'>Homero</span> <span class='ocrx_word' id='word_1_61' title='bbox 570 1260 632 1302; x_wconf 86' lang='lat' dir='ltr'>vox</span> <span class='ocrx_word' id='word_1_62' title='bbox 653 1241 751 1316; x_wconf 79' lang='lat' dir='ltr'>esset,</span> <span class='ocrx_word' id='word_1_63' title='bbox 772 1237 862 1301; x_wconf 90' lang='lat' dir='ltr'>cuius</span> <span class='ocrx_word' id='word_1_64' title='bbox 885 1239 923 1300; x_wconf 90' lang='lat' dir='ltr'>de</span> <span class='ocrx_word' id='word_1_65' title='bbox 945 1242 1038 1313; x_wconf 92' lang='lat' dir='ltr'>tono,</span> <span class='ocrx_word' id='word_1_66' title='bbox 1063 1261 1158 1319; x_wconf 79' lang='lat' dir='ltr'>sono,</span> <span class='ocrx_word' id='word_1_67' title='bbox 1183 1242 1389 1325; x_wconf 84' lang='lat' dir='ltr'>passionibus</span> 
     </span>
     <span class='ocr_line' id='line_1_10' title="bbox 218 1346 1390 1433; baseline 0.002 -21"><span class='ocrx_word' id='word_1_68' title='bbox 218 1348 356 1413; x_wconf 90' lang='lat' dir='ltr'>dubitari</span> <span class='ocrx_word' id='word_1_69' title='bbox 376 1351 409 1412; x_wconf 89' lang='lat' dir='ltr'>et</span> <span class='ocrx_word' id='word_1_70' title='bbox 424 1346 579 1430; x_wconf 91' lang='lat' dir='ltr'>disputari</span> <span class='ocrx_word' id='word_1_71' title='bbox 601 1367 682 1429; x_wconf 87' lang='lat' dir='ltr'>opus</span> <span class='ocrx_word' id='word_1_72' title='bbox 705 1346 798 1422; x_wconf 89' lang='lat' dir='ltr'>esset,</span> <span class='ocrx_word' id='word_1_73' title='bbox 820 1367 890 1408; x_wconf 90' lang='lat' dir='ltr'>eam</span> <span class='ocrx_word' id='word_1_74' title='bbox 911 1368 1061 1410; x_wconf 87' lang='lat' dir='ltr'>versuum</span> <span class='ocrx_word' id='word_1_75' title='bbox 1084 1349 1229 1412; x_wconf 85' lang='lat' dir='ltr'>ordinem</span> <span class='ocrx_word' id='word_1_76' title='bbox 1251 1371 1390 1433; x_wconf 88' lang='lat' dir='ltr'>sequens</span> 
     </span>
     <span class='ocr_line' id='line_1_11' title="bbox 216 1451 1389 1539; baseline 0.002 -19"><span class='ocrx_word' id='word_1_77' title='bbox 216 1455 385 1533; x_wconf 83' lang='lat' dir='ltr'>illustrare,</span> <span class='ocrx_word' id='word_1_78' title='bbox 408 1455 544 1519; x_wconf 87' lang='lat' dir='ltr'>aliorum</span> <span class='ocrx_word' id='word_1_79' title='bbox 559 1452 735 1517; x_wconf 78' lang='lat' dir='ltr'>sententias</span> <span class='ocrx_word' id='word_1_80' title='bbox 749 1451 801 1516; x_wconf 86' lang='lat' dir='ltr'>vel</span> <span class='ocrx_word' id='word_1_81' title='bbox 815 1453 951 1535; x_wconf 87' lang='lat' dir='ltr'>probare</span> <span class='ocrx_word' id='word_1_82' title='bbox 965 1453 1017 1517; x_wconf 88' lang='lat' dir='ltr'>vel</span> <span class='ocrx_word' id='word_1_83' title='bbox 1032 1455 1213 1539; x_wconf 80' lang='lat' dir='ltr'>reprobare,</span> <span class='ocrx_word' id='word_1_84' title='bbox 1235 1479 1293 1520; x_wconf 91' lang='lat' dir='ltr'>sua</span> <span class='ocrx_word' id='word_1_85' title='bbox 1311 1480 1389 1522; x_wconf 91' lang='lat' dir='ltr'>con-</span> 
     </span>
     <span class='ocr_line' id='line_1_12' title="bbox 216 1559 1388 1648; baseline 0.003 -22"><span class='ocrx_word' id='word_1_86' title='bbox 216 1563 351 1628; x_wconf 87' lang='lat' dir='ltr'>firmare.</span> <span class='ocrx_word' id='word_1_87' title='bbox 394 1560 563 1627; x_wconf 82' lang='lat' dir='ltr'>Summum</span> <span class='ocrx_word' id='word_1_88' title='bbox 583 1560 773 1643; x_wconf 83' lang='lat' dir='ltr'>magistrum</span> <span class='ocrx_word' id='word_1_89' title='bbox 795 1559 1015 1624; x_wconf 81' lang='lat' dir='ltr'>Aristarchum</span> <span class='ocrx_word' id='word_1_90' title='bbox 1042 1562 1226 1645; x_wconf 89' lang='lat' dir='ltr'>saepissime</span> <span class='ocrx_word' id='word_1_91' title='bbox 1248 1565 1388 1648; x_wconf 72' lang='lat' dir='ltr'>respicit</span> 
     </span>
     <span class='ocr_line' id='line_1_13' title="bbox 218 1667 1390 1755; baseline 0.002 -21"><span class='ocrx_word' id='word_1_92' title='bbox 218 1670 396 1734; x_wconf 87' lang='lat' dir='ltr'>assentiens</span> <span class='ocrx_word' id='word_1_93' title='bbox 418 1670 452 1733; x_wconf 91' lang='lat' dir='ltr'>in</span> <span class='ocrx_word' id='word_1_94' title='bbox 474 1667 650 1752; x_wconf 79' lang='lat' dir='ltr'>plerisque,</span> <span class='ocrx_word' id='word_1_95' title='bbox 677 1689 749 1730; x_wconf 90' lang='lat' dir='ltr'>raro</span> <span class='ocrx_word' id='word_1_96' title='bbox 772 1669 805 1730; x_wconf 92' lang='lat' dir='ltr'>et</span> <span class='ocrx_word' id='word_1_97' title='bbox 824 1668 1002 1732; x_wconf 88' lang='lat' dir='ltr'>verecunde</span> <span class='ocrx_word' id='word_1_98' title='bbox 1024 1668 1225 1734; x_wconf 86' lang='lat' dir='ltr'>dissentiens.</span> <span class='ocrx_word' id='word_1_99' title='bbox 1259 1670 1390 1755; x_wconf 84' lang='lat' dir='ltr'>Saepis-</span> 
     </span>
     <span class='ocr_line' id='line_1_14' title="bbox 218 1772 1389 1861; baseline 0.001 -20"><span class='ocrx_word' id='word_1_100' title='bbox 218 1778 297 1842; x_wconf 90' lang='lat' dir='ltr'>sime</span> <span class='ocrx_word' id='word_1_101' title='bbox 324 1777 353 1841; x_wconf 91' lang='lat' dir='ltr'>ei</span> <span class='ocrx_word' id='word_1_102' title='bbox 374 1797 425 1839; x_wconf 89' lang='lat' dir='ltr'>ros</span> <span class='ocrx_word' id='word_1_103' title='bbox 454 1778 503 1838; x_wconf 90' lang='lat' dir='ltr'>est</span> <span class='ocrx_word' id='word_1_104' title='bbox 530 1795 603 1839; x_wconf 90' lang='lat' dir='ltr'>cum</span> <span class='ocrx_word' id='word_1_105' title='bbox 625 1772 811 1858; x_wconf 72' lang='lat' dir='ltr'>Tryphone,</span> <span class='ocrx_word' id='word_1_106' title='bbox 840 1772 1010 1848; x_wconf 83' lang='lat' dir='ltr'>Alexione,</span> <span class='ocrx_word' id='word_1_107' title='bbox 1038 1774 1239 1855; x_wconf 69' lang='lat' dir='ltr'>Ptolemaeo,</span> <span class='ocrx_word' id='word_1_108' title='bbox 1268 1775 1389 1861; x_wconf 79' lang='lat' dir='ltr'>Tyran-</span> 
     </span>
     <span class='ocr_line' id='line_1_15' title="bbox 217 1877 1390 1973; baseline -0.002 -25"><span class='ocrx_word' id='word_1_109' title='bbox 217 1885 323 1961; x_wconf 87' lang='lat' dir='ltr'>nione,</span> <span class='ocrx_word' id='word_1_110' title='bbox 343 1881 446 1959; x_wconf 74' lang='lat' dir='ltr'>Nicia,</span> <span class='ocrx_word' id='word_1_111' title='bbox 465 1881 634 1965; x_wconf 88' lang='lat' dir='ltr'>Pamphilo</span> <span class='ocrx_word' id='word_1_112' title='bbox 657 1884 765 1965; x_wconf 89' lang='lat' dir='ltr'>(quem</span> <span class='ocrx_word' id='word_1_113' title='bbox 781 1903 842 1966; x_wconf 84' lang='lat' dir='ltr'>ego</span> <span class='ocrx_word' id='word_1_114' title='bbox 864 1905 930 1946; x_wconf 92' lang='lat' dir='ltr'>non</span> <span class='ocrx_word' id='word_1_115' title='bbox 953 1883 1067 1947; x_wconf 89' lang='lat' dir='ltr'>dubito</span> <span class='ocrx_word' id='word_1_116' title='bbox 1089 1883 1196 1965; x_wconf 89' lang='lat' dir='ltr'>ipsum</span> <span class='ocrx_word' id='word_1_117' title='bbox 1208 1877 1390 1973; x_wconf 76' lang='grc' dir='ltr'><em>Ὁμηρικὴν</em></span> 
     </span>
     <span class='ocr_line' id='line_1_16' title="bbox 216 1984 1389 2075; baseline 0.003 -21"><span class='ocrx_word' id='word_1_118' title='bbox 216 1984 408 2075; x_wconf 78' lang='grc' dir='ltr'><em>προσῳδίαν</em></span> <span class='ocrx_word' id='word_1_119' title='bbox 431 1988 594 2073; x_wconf 82' lang='lat' dir='ltr'>scripsisse</span> <span class='ocrx_word' id='word_1_120' title='bbox 608 1990 662 2071; x_wconf 72' lang='grc'>13),</span> <span class='ocrx_word' id='word_1_121' title='bbox 685 1988 875 2074; x_wconf 85' lang='lat' dir='ltr'>Hermapia‚</span> <span class='ocrx_word' id='word_1_122' title='bbox 897 1990 981 2056; x_wconf 89' lang='lat' dir='ltr'>aliis:</span> <span class='ocrx_word' id='word_1_123' title='bbox 1017 1991 1136 2054; x_wconf 77' lang='lat' dir='ltr'>etenim</span> <span class='ocrx_word' id='word_1_124' title='bbox 1168 1991 1389 2057; x_wconf 88' lang='lat' dir='ltr'>doctissimum</span> 
     </span>
     <span class='ocr_line' id='line_1_17' title="bbox 218 2096 1389 2183; baseline 0.001 -20"><span class='ocrx_word' id='word_1_125' title='bbox 218 2120 300 2183; x_wconf 90' lang='lat' dir='ltr'>opus</span> <span class='ocrx_word' id='word_1_126' title='bbox 321 2100 380 2162; x_wconf 89' lang='lat' dir='ltr'>est.</span> <span class='ocrx_word' id='word_1_127' title='bbox 419 2096 569 2161; x_wconf 76' lang='lat' dir='ltr'>Ceterum</span> <span class='ocrx_word' id='word_1_128' title='bbox 594 2096 646 2161; x_wconf 88' lang='lat' dir='ltr'>vel</span> <span class='ocrx_word' id='word_1_129' title='bbox 666 2097 823 2161; x_wconf 88' lang='lat' dir='ltr'>sermonis</span> <span class='ocrx_word' id='word_1_130' title='bbox 846 2101 879 2161; x_wconf 91' lang='lat' dir='ltr'>et</span> <span class='ocrx_word' id='word_1_131' title='bbox 903 2097 1149 2182; x_wconf 84' lang='lat' dir='ltr'>terminologiae</span> <span class='ocrx_word' id='word_1_132' title='bbox 1170 2098 1205 2160; x_wconf 91' lang='lat' dir='ltr'>in</span> <span class='ocrx_word' id='word_1_133' title='bbox 1226 2098 1389 2183; x_wconf 83' lang='lat' dir='ltr'>plerisque</span> 
     </span>
     <span class='ocr_line' id='line_1_18' title="bbox 217 2203 1412 2290; baseline 0.003 -20"><span class='ocrx_word' id='word_1_134' title='bbox 217 2204 430 2271; x_wconf 90' lang='lat' dir='ltr'>Herodianeis</span> <span class='ocrx_word' id='word_1_135' title='bbox 445 2226 528 2268; x_wconf 89' lang='lat' dir='ltr'>unus</span> <span class='ocrx_word' id='word_1_136' title='bbox 546 2204 697 2288; x_wconf 85' lang='lat' dir='ltr'>idemque</span> <span class='ocrx_word' id='word_1_137' title='bbox 720 2203 816 2282; x_wconf 85' lang='lat' dir='ltr'>color,</span> <span class='ocrx_word' id='word_1_138' title='bbox 838 2208 964 2269; x_wconf 91' lang='lat' dir='ltr'>utnon</span> <span class='ocrx_word' id='word_1_139' title='bbox 986 2205 1119 2269; x_wconf 91' lang='lat' dir='ltr'>dubium</span> <span class='ocrx_word' id='word_1_140' title='bbox 1141 2206 1191 2282; x_wconf 85' lang='lat' dir='ltr'>sit,</span> <span class='ocrx_word' id='word_1_141' title='bbox 1213 2228 1295 2288; x_wconf 87' lang='lat' dir='ltr'>quae</span> <span class='ocrx_word' id='word_1_142' title='bbox 1318 2207 1412 2290; x_wconf 82' lang='lat' dir='ltr'>qui-.</span> 
     </span>
     <span class='ocr_line' id='line_1_19' title="bbox 218 2311 1391 2396; baseline 0.001 -19"><span class='ocrx_word' id='word_1_143' title='bbox 218 2313 290 2377; x_wconf 89' lang='lat' dir='ltr'>dem</span> <span class='ocrx_word' id='word_1_144' title='bbox 313 2311 469 2395; x_wconf 85' lang='lat' dir='ltr'>excerpsit</span> <span class='ocrx_word' id='word_1_145' title='bbox 492 2311 685 2394; x_wconf 90' lang='lat' dir='ltr'>epitomator</span> <span class='ocrx_word' id='word_1_146' title='bbox 703 2311 737 2375; x_wconf 89' lang='lat' dir='ltr'>in</span> <span class='ocrx_word' id='word_1_147' title='bbox 759 2312 809 2375; x_wconf 87' lang='lat' dir='ltr'>his</span> <span class='ocrx_word' id='word_1_148' title='bbox 826 2311 989 2396; x_wconf 90' lang='lat' dir='ltr'>plerisque</span> <span class='ocrx_word' id='word_1_149' title='bbox 1010 2313 1081 2396; x_wconf 87' lang='lat' dir='ltr'>ipsa</span> <span class='ocrx_word' id='word_1_150' title='bbox 1094 2311 1272 2376; x_wconf 86' lang='lat' dir='ltr'>Herodiani</span> <span class='ocrx_word' id='word_1_151' title='bbox 1292 2315 1391 2378; x_wconf 89' lang='lat' dir='ltr'>verba</span> 
     </span>
     <span class='ocr_line' id='line_1_20' title="bbox 217 2412 1390 2505; baseline 0.002 -21"><span class='ocrx_word' id='word_1_152' title='bbox 217 2441 366 2484; x_wconf 82' lang='lat' dir='ltr'>servasse.</span> <span class='ocrx_word' id='word_1_153' title='bbox 407 2417 492 2482; x_wconf 86' lang='lat' dir='ltr'>Nam</span> <span class='ocrx_word' id='word_1_154' title='bbox 517 2417 569 2482; x_wconf 88' lang='lat' dir='ltr'>vel</span> <span class='ocrx_word' id='word_1_155' title='bbox 599 2419 634 2482; x_wconf 92' lang='lat' dir='ltr'>in</span> <span class='ocrx_word' id='word_1_156' title='bbox 659 2418 824 2503; x_wconf 87' lang='lat' dir='ltr'>particulis</span> <span class='ocrx_word' id='word_1_157' title='bbox 856 2419 1049 2502; x_wconf 81' lang='lat' dir='ltr'>agnoscitur.</span> <span class='ocrx_word' id='word_1_158' title='bbox 1100 2416 1153 2483; x_wconf 81' lang='lat' dir='ltr'>Sic</span> <span class='ocrx_word' id='word_1_159' title='bbox 1181 2412 1224 2493; x_wconf 78' lang='grc' dir='ltr'>ὡς</span> <span class='ocrx_word' id='word_1_160' title='bbox 1253 2416 1305 2484; x_wconf 78' lang='grc' dir='ltr'>ὅτι</span> <span class='ocrx_word' id='word_1_161' title='bbox 1330 2443 1390 2505; x_wconf 89' lang='lat' dir='ltr'>pro</span> 
     </span>
     <span class='ocr_line' id='line_1_21' title="bbox 218 2523 1389 2611; baseline 0.003 -21"><span class='ocrx_word' id='word_1_162' title='bbox 218 2523 285 2605; x_wconf 80' lang='grc' dir='ltr'><strong><em>ὅτι,</em></strong></span> <span class='ocrx_word' id='word_1_163' title='bbox 314 2526 401 2611; x_wconf 92' lang='lat' dir='ltr'>quod</span> <span class='ocrx_word' id='word_1_164' title='bbox 422 2526 456 2589; x_wconf 90' lang='lat' dir='ltr'>in</span> <span class='ocrx_word' id='word_1_165' title='bbox 477 2526 610 2610; x_wconf 90' lang='lat' dir='ltr'>reliquis</span> <span class='ocrx_word' id='word_1_166' title='bbox 633 2524 764 2589; x_wconf 89' lang='lat' dir='ltr'>scholiis</span> <span class='ocrx_word' id='word_1_167' title='bbox 785 2525 873 2589; x_wconf 92' lang='lat' dir='ltr'>haud</span> <span class='ocrx_word' id='word_1_168' title='bbox 893 2525 1045 2610; x_wconf 85' lang='lat' dir='ltr'>frequens</span> <span class='ocrx_word' id='word_1_169' title='bbox 1068 2528 1118 2607; x_wconf 85' lang='lat' dir='ltr'>(ut</span> <span class='ocrx_word' id='word_1_170' title='bbox 1139 2535 1166 2588; x_wconf 82' lang='lat' dir='ltr'><em>A</em></span> <span class='ocrx_word' id='word_1_171' title='bbox 1187 2532 1254 2595; x_wconf 85' lang='lat'>539.</span> <span class='ocrx_word' id='word_1_172' title='bbox 1282 2531 1303 2589; x_wconf 91' lang='grc' dir='ltr'><em>Ι</em></span> <span class='ocrx_word' id='word_1_173' title='bbox 1321 2535 1389 2596; x_wconf 86' lang='grc'>626.</span> 
     </span>
     <span class='ocr_line' id='line_1_22' title="bbox 217 2632 1389 2716; baseline 0 -18"><span class='ocrx_word' id='word_1_174' title='bbox 217 2638 254 2698; x_wconf 88' lang='lat' dir='ltr'><em>X</em></span> <span class='ocrx_word' id='word_1_175' title='bbox 273 2637 356 2716; x_wconf 82' lang='grc'>447),</span> <span class='ocrx_word' id='word_1_176' title='bbox 377 2634 566 2698; x_wconf 85' lang='lat' dir='ltr'>creberrime</span> <span class='ocrx_word' id='word_1_177' title='bbox 586 2634 622 2697; x_wconf 92' lang='lat' dir='ltr'>in</span> <span class='ocrx_word' id='word_1_178' title='bbox 642 2632 855 2697; x_wconf 88' lang='lat' dir='ltr'>Herodianeis</span> <span class='ocrx_word' id='word_1_179' title='bbox 876 2633 1019 2710; x_wconf 82' lang='lat' dir='ltr'>recurrit,</span> <span class='ocrx_word' id='word_1_180' title='bbox 1042 2637 1080 2696; x_wconf 99' lang='lat' dir='ltr'><em>A</em></span> <span class='ocrx_word' id='word_1_181' title='bbox 1101 2641 1168 2702; x_wconf 90' lang='grc'>129.</span> <span class='ocrx_word' id='word_1_182' title='bbox 1183 2642 1253 2702; x_wconf 91' lang='grc'>264.</span> <span class='ocrx_word' id='word_1_183' title='bbox 1276 2637 1306 2697; x_wconf 91' lang='grc' dir='ltr'><em>Β</em></span> <span class='ocrx_word' id='word_1_184' title='bbox 1321 2642 1389 2702; x_wconf 90' lang='grc'>592.</span> 
     </span>
     <span class='ocr_line' id='line_1_23' title="bbox 219 2741 1391 2810; baseline -0.003 0"><span class='ocrx_word' id='word_1_185' title='bbox 219 2747 287 2810; x_wconf 86' lang='grc'>831.</span> <span class='ocrx_word' id='word_1_186' title='bbox 309 2745 340 2804; x_wconf 95' lang='grc' dir='ltr'>Γ</span> <span class='ocrx_word' id='word_1_187' title='bbox 359 2746 428 2808; x_wconf 91' lang='grc'>280.</span> <span class='ocrx_word' id='word_1_188' title='bbox 450 2745 482 2804; x_wconf 84' lang='lat' dir='ltr'><em>A</em></span> <span class='ocrx_word' id='word_1_189' title='bbox 504 2746 573 2807; x_wconf 91' lang='grc'>228.</span> <span class='ocrx_word' id='word_1_190' title='bbox 597 2743 626 2802; x_wconf 88' lang='grc' dir='ltr'><strong><em>Ε</em></strong></span> <span class='ocrx_word' id='word_1_191' title='bbox 645 2744 712 2807; x_wconf 87' lang='grc'>283.</span> <span class='ocrx_word' id='word_1_192' title='bbox 736 2746 804 2806; x_wconf 93' lang='grc'>297.</span> <span class='ocrx_word' id='word_1_193' title='bbox 835 2741 954 2806; x_wconf 84' lang='grc' dir='ltr'>Θ109.</span> <span class='ocrx_word' id='word_1_194' title='bbox 983 2746 1049 2808; x_wconf 89' lang='grc'>178.</span> <span class='ocrx_word' id='word_1_195' title='bbox 1080 2745 1146 2810; x_wconf 86' lang='grc'>16.</span> <span class='ocrx_word' id='word_1_196' title='bbox 1169 2749 1238 2810; x_wconf 87' lang='grc'>392.</span> <span class='ocrx_word' id='word_1_197' title='bbox 1261 2745 1300 2804; x_wconf 92' lang='lat' dir='ltr'><em>A</em></span> <span class='ocrx_word' id='word_1_198' title='bbox 1320 2750 1391 2810; x_wconf 89' lang='grc'>454.</span> 
     </span>
     <span class='ocr_line' id='line_1_24' title="bbox 217 2844 1391 2937; baseline -0.002 -21"><span class='ocrx_word' id='word_1_199' title='bbox 217 2854 287 2917; x_wconf 86' lang='grc'>636.</span> <span class='ocrx_word' id='word_1_200' title='bbox 315 2856 384 2915; x_wconf 84' lang='grc'>754.</span> <span class='ocrx_word' id='word_1_201' title='bbox 418 2851 455 2910; x_wconf 85' lang='lat' dir='ltr'><em>M</em></span> <span class='ocrx_word' id='word_1_202' title='bbox 475 2855 523 2916; x_wconf 85' lang='grc'>26.</span> <span class='ocrx_word' id='word_1_203' title='bbox 557 2854 590 2910; x_wconf 91' lang='grc' dir='ltr'><em>Ν</em></span> <span class='ocrx_word' id='word_1_204' title='bbox 609 2855 648 2915; x_wconf 88' lang='grc'>29</span> <span class='ocrx_word' id='word_1_205' title='bbox 675 2849 734 2912; x_wconf 79' lang='lat' dir='ltr'>bis,</span> <span class='ocrx_word' id='word_1_206' title='bbox 759 2854 824 2914; x_wconf 83' lang='lat'>191.</span> <span class='ocrx_word' id='word_1_207' title='bbox 858 2844 978 2916; x_wconf 62' lang='lat'>5340.</span> <span class='ocrx_word' id='word_1_208' title='bbox 1015 2851 1122 2916; x_wconf 81' lang='lat' dir='ltr'>Y234</span> <span class='ocrx_word' id='word_1_209' title='bbox 1149 2853 1184 2930; x_wconf 83' lang='grc' dir='ltr'>(μ</span> <span class='ocrx_word' id='word_1_210' title='bbox 1206 2857 1256 2917; x_wconf 88' lang='grc'>22.</span> <span class='ocrx_word' id='word_1_211' title='bbox 1279 2872 1304 2937; x_wconf 84' lang='grc' dir='ltr'><em>φ</em></span> <span class='ocrx_word' id='word_1_212' title='bbox 1326 2853 1391 2933; x_wconf 82' lang='grc'>27).</span> 
     </span>
     <span class='ocr_line' id='line_1_25' title="bbox 218 2954 1391 3042; baseline 0.001 -21"><span class='ocrx_word' id='word_1_213' title='bbox 218 2957 373 3021; x_wconf 86' lang='lat' dir='ltr'>Attamen</span> <span class='ocrx_word' id='word_1_214' title='bbox 387 2957 554 3042; x_wconf 85' lang='lat' dir='ltr'>ingentem</span> <span class='ocrx_word' id='word_1_215' title='bbox 569 2957 724 3020; x_wconf 87' lang='lat' dir='ltr'>iacturam</span> <span class='ocrx_word' id='word_1_216' title='bbox 745 2955 888 3020; x_wconf 82' lang='lat' dir='ltr'>fecimus,</span> <span class='ocrx_word' id='word_1_217' title='bbox 924 2954 1010 3020; x_wconf 90' lang='lat' dir='ltr'>Nam</span> <span class='ocrx_word' id='word_1_218' title='bbox 1031 2958 1170 3039; x_wconf 89' lang='lat' dir='ltr'>primum</span> <span class='ocrx_word' id='word_1_219' title='bbox 1192 2980 1257 3022; x_wconf 90' lang='lat' dir='ltr'>non</span> <span class='ocrx_word' id='word_1_220' title='bbox 1281 2959 1391 3022; x_wconf 90' lang='lat' dir='ltr'>omnia</span> 
     </span>
     <span class='ocr_line' id='line_1_26' title="bbox 218 3058 1392 3153; baseline -0.001 -25"><span class='ocrx_word' id='word_1_221' title='bbox 218 3064 384 3147; x_wconf 83' lang='lat' dir='ltr'>excerpsit,</span> <span class='ocrx_word' id='word_1_222' title='bbox 410 3067 447 3127; x_wconf 92' lang='lat' dir='ltr'>ut</span> <span class='ocrx_word' id='word_1_223' title='bbox 460 3064 529 3146; x_wconf 89' lang='lat' dir='ltr'>ipse</span> <span class='ocrx_word' id='word_1_224' title='bbox 547 3062 721 3148; x_wconf 84' lang='lat' dir='ltr'>significat:</span> <span class='ocrx_word' id='word_1_225' title='bbox 743 3060 945 3146; x_wconf 80' lang='grc' dir='ltr'><em>παράκειται</em></span> <span class='ocrx_word' id='word_1_226' title='bbox 966 3100 1005 3107; x_wconf 84' lang='grc'><strong>-</strong></span> <span class='ocrx_word' id='word_1_227' title='bbox 1025 3063 1101 3128; x_wconf 77' lang='grc' dir='ltr'><em>τινὰ</em></span> <span class='ocrx_word' id='word_1_228' title='bbox 1123 3061 1159 3128; x_wconf 81' lang='grc' dir='ltr'>ὲκ</span> <span class='ocrx_word' id='word_1_229' title='bbox 1173 3069 1229 3151; x_wconf 77' lang='grc' dir='ltr'>τῆς</span> <span class='ocrx_word' id='word_1_230' title='bbox 1248 3058 1392 3153; x_wconf 79' lang='grc' dir='ltr'><em>Ἰλιακῆς</em></span> 
     </span>
     <span class='ocr_line' id='line_1_27' title="bbox 218 3165 1390 3256; baseline 0.003 -23"><span class='ocrx_word' id='word_1_231' title='bbox 218 3165 411 3255; x_wconf 76' lang='grc' dir='ltr'><em>προσῳδίας</em></span> <span class='ocrx_word' id='word_1_232' title='bbox 421 3165 642 3251; x_wconf 82' lang='grc' dir='ltr'><em>Ἡρωδιανοῦ,</em></span> <span class='ocrx_word' id='word_1_233' title='bbox 666 3173 698 3233; x_wconf 89' lang='lat' dir='ltr'>et</span> <span class='ocrx_word' id='word_1_234' title='bbox 711 3173 801 3253; x_wconf 89' lang='lat' dir='ltr'>patet</span> <span class='ocrx_word' id='word_1_235' title='bbox 819 3193 857 3234; x_wconf 88' lang='lat' dir='ltr'>ex</span> <span class='ocrx_word' id='word_1_236' title='bbox 876 3172 947 3256; x_wconf 87' lang='lat' dir='ltr'>ipso</span> <span class='ocrx_word' id='word_1_237' title='bbox 962 3171 1154 3239; x_wconf 83' lang='lat' dir='ltr'>Herodiano.</span> <span class='ocrx_word' id='word_1_238' title='bbox 1192 3172 1245 3239; x_wconf 82' lang='lat' dir='ltr'>Sic</span> <span class='ocrx_word' id='word_1_239' title='bbox 1261 3196 1299 3238; x_wconf 89' lang='lat' dir='ltr'>ex</span> <span class='ocrx_word' id='word_1_240' title='bbox 1321 3174 1390 3237; x_wconf 90' lang='lat' dir='ltr'>eius</span> 
     </span>
     <span class='ocr_line' id='line_1_28' title="bbox 218 3277 1390 3361; baseline 0.001 -18"><span class='ocrx_word' id='word_1_241' title='bbox 218 3283 296 3344; x_wconf 90' lang='lat' dir='ltr'>nota</span> <span class='ocrx_word' id='word_1_242' title='bbox 318 3278 358 3343; x_wconf 91' lang='lat' dir='ltr'>ad</span> <span class='ocrx_word' id='word_1_243' title='bbox 383 3279 412 3342; x_wconf 87' lang='grc' dir='ltr'>Θ</span> <span class='ocrx_word' id='word_1_244' title='bbox 433 3282 492 3346; x_wconf 91' lang='grc'>355</span> <span class='ocrx_word' id='word_1_245' title='bbox 514 3281 605 3361; x_wconf 86' lang='lat' dir='ltr'>patet</span> <span class='ocrx_word' id='word_1_246' title='bbox 626 3277 779 3341; x_wconf 86' lang='lat' dir='ltr'>excidisse</span> <span class='ocrx_word' id='word_1_247' title='bbox 802 3282 914 3342; x_wconf 92' lang='lat' dir='ltr'>notam</span> <span class='ocrx_word' id='word_1_248' title='bbox 935 3280 975 3343; x_wconf 90' lang='lat' dir='ltr'>ad</span> <span class='ocrx_word' id='word_1_249' title='bbox 997 3285 1035 3342; x_wconf 94' lang='lat' dir='ltr'><em>A</em></span> <span class='ocrx_word' id='word_1_250' title='bbox 1050 3286 1123 3358; x_wconf 78' lang='lat'>5733</span> <span class='ocrx_word' id='word_1_251' title='bbox 1147 3304 1185 3345; x_wconf 90' lang='lat' dir='ltr'>ex</span> <span class='ocrx_word' id='word_1_252' title='bbox 1210 3284 1312 3347; x_wconf 90' lang='grc' dir='ltr'>Β427</span> <span class='ocrx_word' id='word_1_253' title='bbox 1336 3304 1390 3344; x_wconf 89' lang='lat' dir='ltr'>ex-</span> 
     </span>
    </p>

    <p class='ocr_par' dir='ltr' id='par_1_4' title="bbox 153 3386 1417 3793">
     <span class='ocr_line' id='line_1_29' title="bbox 153 3386 1391 3476; baseline 0.001 -26"><span class='ocrx_word' id='word_1_254' title='bbox 153 3406 207 3476; x_wconf 80' lang='lat'>(35)</span> <span class='ocrx_word' id='word_1_255' title='bbox 220 3386 335 3451; x_wconf 85' lang='lat' dir='ltr'>cidisse</span> <span class='ocrx_word' id='word_1_256' title='bbox 362 3386 403 3449; x_wconf 87' lang='lat' dir='ltr'>ad</span> <span class='ocrx_word' id='word_1_257' title='bbox 428 3391 467 3450; x_wconf 93' lang='lat' dir='ltr'><em>A</em></span> <span class='ocrx_word' id='word_1_258' title='bbox 492 3393 531 3452; x_wconf 82' lang='grc'>49</span> <span class='ocrx_word' id='word_1_259' title='bbox 559 3386 654 3469; x_wconf 87' lang='lat' dir='ltr'>(quae</span> <span class='ocrx_word' id='word_1_260' title='bbox 684 3389 761 3448; x_wconf 87' lang='lat' dir='ltr'>nota</span> <span class='ocrx_word' id='word_1_261' title='bbox 783 3391 908 3450; x_wconf 86' lang='lat' dir='ltr'>servata</span> <span class='ocrx_word' id='word_1_262' title='bbox 933 3391 983 3450; x_wconf 85' lang='lat' dir='ltr'>est</span> <span class='ocrx_word' id='word_1_263' title='bbox 1008 3388 1041 3450; x_wconf 91' lang='lat' dir='ltr'>in</span> <span class='ocrx_word' id='word_1_264' title='bbox 1067 3387 1318 3472; x_wconf 83' lang='lat' dir='ltr'>Etymologico);</span> <span class='ocrx_word' id='word_1_265' title='bbox 1352 3411 1391 3453; x_wconf 91' lang='lat' dir='ltr'>ex</span> 
     </span>
     <span class='ocr_line' id='line_1_30' title="bbox 222 3493 1390 3573; baseline 0.005 -17"><span class='ocrx_word' id='word_1_266' title='bbox 222 3496 248 3556; x_wconf 90' lang='grc' dir='ltr'><em>Β</em></span> <span class='ocrx_word' id='word_1_267' title='bbox 271 3498 331 3560; x_wconf 85' lang='grc'>648</span> <span class='ocrx_word' id='word_1_268' title='bbox 355 3493 507 3558; x_wconf 86' lang='lat' dir='ltr'>excidisse</span> <span class='ocrx_word' id='word_1_269' title='bbox 531 3496 559 3555; x_wconf 90' lang='grc' dir='ltr'><em>Β</em></span> <span class='ocrx_word' id='word_1_270' title='bbox 581 3498 655 3570; x_wconf 82' lang='grc'>533;</span> <span class='ocrx_word' id='word_1_271' title='bbox 681 3514 720 3556; x_wconf 90' lang='lat' dir='ltr'>ex</span> <span class='ocrx_word' id='word_1_272' title='bbox 741 3496 779 3554; x_wconf 93' lang='lat' dir='ltr'><em>A</em></span> <span class='ocrx_word' id='word_1_273' title='bbox 800 3498 859 3560; x_wconf 89' lang='grc'>385</span> <span class='ocrx_word' id='word_1_274' title='bbox 883 3495 1036 3559; x_wconf 84' lang='lat' dir='ltr'>excidisse</span> <span class='ocrx_word' id='word_1_275' title='bbox 1059 3496 1091 3556; x_wconf 85' lang='lat' dir='ltr'><em>A</em></span> <span class='ocrx_word' id='word_1_276' title='bbox 1114 3502 1185 3573; x_wconf 82' lang='lat'>1093</span> <span class='ocrx_word' id='word_1_277' title='bbox 1208 3518 1246 3560; x_wconf 90' lang='lat' dir='ltr'>ex</span> <span class='ocrx_word' id='word_1_278' title='bbox 1267 3499 1306 3556; x_wconf 92' lang='lat' dir='ltr'><em>A</em></span> <span class='ocrx_word' id='word_1_279' title='bbox 1329 3503 1390 3564; x_wconf 84' lang='grc'>409</span> 
     </span>
     <span class='ocr_line' id='line_1_31' title="bbox 219 3599 1417 3686; baseline 0.003 -21"><span class='ocrx_word' id='word_1_280' title='bbox 219 3600 373 3665; x_wconf 87' lang='lat' dir='ltr'>excidisse</span> <span class='ocrx_word' id='word_1_281' title='bbox 395 3603 425 3662; x_wconf 92' lang='grc' dir='ltr'><em>Β</em></span> <span class='ocrx_word' id='word_1_282' title='bbox 444 3606 513 3667; x_wconf 85' lang='grc'>346.</span> <span class='ocrx_word' id='word_1_283' title='bbox 537 3599 575 3664; x_wconf 87' lang='lat' dir='ltr'>cf.</span> <span class='ocrx_word' id='word_1_284' title='bbox 598 3602 640 3660; x_wconf 83' lang='lat' dir='ltr'><em>M</em></span> <span class='ocrx_word' id='word_1_285' title='bbox 652 3607 722 3666; x_wconf 86' lang='grc'>205.</span> <span class='ocrx_word' id='word_1_286' title='bbox 744 3603 781 3661; x_wconf 88' lang='grc' dir='ltr'><em>Ν</em></span> <span class='ocrx_word' id='word_1_287' title='bbox 792 3605 841 3665; x_wconf 88' lang='grc'>71..</span> <span class='ocrx_word' id='word_1_288' title='bbox 876 3600 1001 3665; x_wconf 89' lang='lat' dir='ltr'>Deinde</span> <span class='ocrx_word' id='word_1_289' title='bbox 1023 3624 1063 3665; x_wconf 93' lang='lat' dir='ltr'>ne</span> <span class='ocrx_word' id='word_1_290' title='bbox 1087 3624 1124 3665; x_wconf 90' lang='lat' dir='ltr'>ea</span> <span class='ocrx_word' id='word_1_291' title='bbox 1147 3604 1285 3685; x_wconf 84' lang='lat' dir='ltr'>quidem,</span> <span class='ocrx_word' id='word_1_292' title='bbox 1308 3626 1390 3686; x_wconf 85' lang='lat' dir='ltr'>quae</span> <span class='ocrx_word' id='word_1_293' title='bbox 1414 3670 1417 3677; x_wconf 75' lang='grc'><strong>,</strong></span> 
     </span>
     <span class='ocr_line' id='line_1_32' title="bbox 218 3707 1391 3793; baseline 0.003 -22"><span class='ocrx_word' id='word_1_294' title='bbox 218 3707 380 3792; x_wconf 84' lang='lat' dir='ltr'>apposuit,</span> <span class='ocrx_word' id='word_1_295' title='bbox 401 3709 509 3772; x_wconf 92' lang='lat' dir='ltr'>omnia</span> <span class='ocrx_word' id='word_1_296' title='bbox 530 3709 657 3793; x_wconf 85' lang='lat' dir='ltr'>integra</span> <span class='ocrx_word' id='word_1_297' title='bbox 680 3708 780 3783; x_wconf 82' lang='lat' dir='ltr'>dedit3</span> <span class='ocrx_word' id='word_1_298' title='bbox 809 3707 865 3771; x_wconf 89' lang='lat' dir='ltr'>sed</span> <span class='ocrx_word' id='word_1_299' title='bbox 887 3708 996 3771; x_wconf 86' lang='lat' dir='ltr'>omisit</span> <span class='ocrx_word' id='word_1_300' title='bbox 1020 3709 1047 3771; x_wconf 92' lang='lat' dir='ltr'>si</span> <span class='ocrx_word' id='word_1_301' title='bbox 1069 3731 1133 3792; x_wconf 91' lang='lat' dir='ltr'>qua</span> <span class='ocrx_word' id='word_1_302' title='bbox 1154 3733 1278 3774; x_wconf 90' lang='lat' dir='ltr'>annexa</span> <span class='ocrx_word' id='word_1_303' title='bbox 1300 3715 1391 3774; x_wconf 86' lang='lat' dir='ltr'>erant</span> 
     </span>
    </p>

    <p class='ocr_par' dir='ltr' id='par_1_5' title="bbox 175 3814 1391 4219">
     <span class='ocr_line' id='line_1_33' title="bbox 175 3814 1391 3899; baseline 0.004 -21"><span class='ocrx_word' id='word_1_304' title='bbox 175 3841 207 3890; x_wconf 84' lang='lat'>30</span> <span class='ocrx_word' id='word_1_305' title='bbox 221 3837 302 3899; x_wconf 90' lang='lat' dir='ltr'>quae</span> <span class='ocrx_word' id='word_1_306' title='bbox 317 3815 368 3879; x_wconf 87' lang='lat' dir='ltr'>vel</span> <span class='ocrx_word' id='word_1_307' title='bbox 381 3814 530 3899; x_wconf 84' lang='lat' dir='ltr'>longiora</span> <span class='ocrx_word' id='word_1_308' title='bbox 550 3816 599 3879; x_wconf 90' lang='lat' dir='ltr'>vel</span> <span class='ocrx_word' id='word_1_309' title='bbox 622 3837 694 3879; x_wconf 91' lang='lat' dir='ltr'>cum</span> <span class='ocrx_word' id='word_1_310' title='bbox 715 3837 749 3878; x_wconf 91' lang='lat' dir='ltr'>re</span> <span class='ocrx_word' id='word_1_311' title='bbox 771 3815 877 3878; x_wconf 90' lang='lat' dir='ltr'>minus</span> <span class='ocrx_word' id='word_1_312' title='bbox 899 3815 1068 3879; x_wconf 85' lang='lat' dir='ltr'>cohaerere</span> <span class='ocrx_word' id='word_1_313' title='bbox 1090 3817 1281 3882; x_wconf 87' lang='lat' dir='ltr'>viderentur.</span> <span class='ocrx_word' id='word_1_314' title='bbox 1318 3818 1391 3883; x_wconf 87' lang='lat' dir='ltr'>Hoc</span> 
     </span>
     <span class='ocr_line' id='line_1_34' title="bbox 219 3923 1391 4009; baseline 0.004 -25"><span class='ocrx_word' id='word_1_315' title='bbox 219 3943 452 4005; x_wconf 88' lang='lat' dir='ltr'>nonnunquam</span> <span class='ocrx_word' id='word_1_316' title='bbox 486 3923 636 3987; x_wconf 89' lang='lat' dir='ltr'>deficiens</span> <span class='ocrx_word' id='word_1_317' title='bbox 667 3943 806 3987; x_wconf 90' lang='lat' dir='ltr'>conexus</span> <span class='ocrx_word' id='word_1_318' title='bbox 835 3923 957 4005; x_wconf 87' lang='lat' dir='ltr'>prodit,</span> <span class='ocrx_word' id='word_1_319' title='bbox 987 3944 1219 4009; x_wconf 89' lang='lat' dir='ltr'>nonnunquam</span> <span class='ocrx_word' id='word_1_320' title='bbox 1250 3926 1312 3990; x_wconf 85' lang='lat' dir='ltr'>aha</span> <span class='ocrx_word' id='word_1_321' title='bbox 1339 3926 1391 3989; x_wconf 89' lang='lat' dir='ltr'>via</span> 
     </span>
     <span class='ocr_line' id='line_1_35' title="bbox 218 4023 1390 4117; baseline 0.004 -24"><span class='ocrx_word' id='word_1_322' title='bbox 218 4032 322 4112; x_wconf 83' lang='lat' dir='ltr'>patet,</span> <span class='ocrx_word' id='word_1_323' title='bbox 352 4051 378 4094; x_wconf 92' lang='lat' dir='ltr'>e.</span> <span class='ocrx_word' id='word_1_324' title='bbox 402 4051 433 4114; x_wconf 85' lang='lat' dir='ltr'>g.</span> <span class='ocrx_word' id='word_1_325' title='bbox 456 4028 633 4094; x_wconf 87' lang='lat' dir='ltr'>Herodiani</span> <span class='ocrx_word' id='word_1_326' title='bbox 660 4034 771 4092; x_wconf 90' lang='lat' dir='ltr'>notam</span> <span class='ocrx_word' id='word_1_327' title='bbox 795 4030 835 4093; x_wconf 91' lang='lat' dir='ltr'>ad</span> <span class='ocrx_word' id='word_1_328' title='bbox 857 4025 890 4096; x_wconf 86' lang='grc' dir='ltr'><em>Ξ</em></span> <span class='ocrx_word' id='word_1_329' title='bbox 908 4037 945 4097; x_wconf 94' lang='grc'>21</span> <span class='ocrx_word' id='word_1_330' title='bbox 970 4053 1008 4094; x_wconf 90' lang='lat' dir='ltr'>ex</span> <span class='ocrx_word' id='word_1_331' title='bbox 1029 4036 1119 4114; x_wconf 86' lang='lat' dir='ltr'>parte</span> <span class='ocrx_word' id='word_1_332' title='bbox 1141 4036 1267 4097; x_wconf 87' lang='lat' dir='ltr'>tantum</span> <span class='ocrx_word' id='word_1_333' title='bbox 1289 4023 1390 4117; x_wconf 87' lang='lat' dir='ltr'>appo·</span> 
     </span>
     <span class='ocr_line' id='line_1_36' title="bbox 219 4135 724 4219; baseline 0.006 -21"><span class='ocrx_word' id='word_1_334' title='bbox 219 4135 314 4198; x_wconf 86' lang='lat' dir='ltr'>sitam</span> <span class='ocrx_word' id='word_1_335' title='bbox 336 4157 404 4199; x_wconf 84' lang='lat' dir='ltr'>esse</span> <span class='ocrx_word' id='word_1_336' title='bbox 426 4140 516 4219; x_wconf 89' lang='lat' dir='ltr'>patet</span> <span class='ocrx_word' id='word_1_337' title='bbox 540 4159 578 4200; x_wconf 88' lang='lat' dir='ltr'>ex</span> <span class='ocrx_word' id='word_1_338' title='bbox 604 4141 635 4199; x_wconf 75' lang='grc' dir='ltr'><em>Φ</em></span> <span class='ocrx_word' id='word_1_339' title='bbox 654 4144 724 4204; x_wconf 86' lang='grc'>279.</span> 
     </span>
    </p>
   </div>
   <div class='ocr_carea' id='block_1_3' title="bbox 288 4367 1238 4440">
    <p class='ocr_par' dir='ltr' id='par_1_6' title="bbox 288 4367 1238 4440">
     <span class='ocr_line' id='line_1_37' title="bbox 288 4367 1238 4440; baseline 0.004 -18"><span class='ocrx_word' id='word_1_340' title='bbox 288 4370 312 4411; x_wconf 83' lang='lat'>1³</span> <span class='ocrx_word' id='word_1_341' title='bbox 329 4367 398 4424; x_wconf 88' lang='lat' dir='ltr'>Dico</span> <span class='ocrx_word' id='word_1_342' title='bbox 416 4369 470 4423; x_wconf 87' lang='lat' dir='ltr'>hoc</span> <span class='ocrx_word' id='word_1_343' title='bbox 488 4371 604 4438; x_wconf 89' lang='lat' dir='ltr'>propter</span> <span class='ocrx_word' id='word_1_344' title='bbox 620 4368 769 4435; x_wconf 76' lang='lat' dir='ltr'>Rankium</span> <span class='ocrx_word' id='word_1_345' title='bbox 789 4370 823 4424; x_wconf 89' lang='lat' dir='ltr'>de</span> <span class='ocrx_word' id='word_1_346' title='bbox 842 4370 894 4425; x_wconf 85' lang='lat' dir='ltr'>lex.</span> <span class='ocrx_word' id='word_1_347' title='bbox 912 4371 1030 4438; x_wconf 87' lang='lat' dir='ltr'>Hesych.</span> <span class='ocrx_word' id='word_1_348' title='bbox 1050 4371 1117 4439; x_wconf 84' lang='lat' dir='ltr'>orig.</span> <span class='ocrx_word' id='word_1_349' title='bbox 1136 4390 1162 4440; x_wconf 91' lang='lat' dir='ltr'>p.</span> <span class='ocrx_word' id='word_1_350' title='bbox 1182 4377 1238 4428; x_wconf 83' lang='lat'>126.</span> 
     </span>
    </p>
   </div>
   <div class='ocr_carea' id='block_1_4' title="bbox 0 0 1508 4980">
    <p class='ocr_par' dir='ltr' id='par_1_7' title="bbox 0 0 1508 4980">
     <span class='ocr_line' id='line_1_38' title="bbox 0 0 1508 4980; baseline 0 0"><span class='ocrx_word' id='word_1_351' title='bbox 0 0 1508 4980; x_wconf 95' lang='lat' dir='ltr'> </span> 
     </span>
    </p>
   </div>
  </div>
 </body>
</html>
