3008 4980
217 310 278 376 204
397 307 447 361 III.
472 304 512 362 De
529 304 682 362 Aristarchi
699 304 815 362 scientia
832 304 1006 376 antiquitatis
1022 302 1196 364 Homericae.

217 474 310 554 illud,
339 478 426 559 quod
452 478 486 541 in
509 476 664 543 Ciconum
685 476 808 561 impetu
829 478 856 558 (ι
878 478 938 558 60),
953 496 992 540 ex
1013 473 1151 560 singulis
1171 473 1309 540 navibus
1329 494 1385 559 par

218 583 378 649 sociorum
392 606 544 649 numerus
560 584 719 649 interiisse
742 576 1047 664 (1166111,,,ὥσπερ
1070 575 1133 647 ἀπ’
1158 575 1384 667 ἐπιτάγμα-

216 699 323 767 τος“.
344 732 383 742 -
404 692 536 757 11611611
562 691 757 757 contrarium
782 691 901 770 visum,
933 691 1019 776 quod
1042 692 1075 753 Ι(
1092 696 1154 758 274
1176 689 1289 756 Ulixes
1314 712 1384 755 cum

135 795 206 867 (²⁰9)
218 798 374 864 Diomede
397 820 544 885 egressus
570 798 610 863 ad
630 798 773 864 Rhesum
796 798 1005 864 occidendum
1025 819 1223 883 magnopere
1247 797 1386 883 gaudeat

218 906 313 971 ardea
334 929 353 972 a
372 905 516 971 Minerva
536 905 647 984 missa,
678 906 716 971 de
740 927 804 990 qua
823 909 931 989 poeta:
964 896 1026 968 οόκ
1052 897 1128 969 ίδον
1149 897 1385 991 ὀφθαλμοῖσιν

218 1052 255 1061 -
272 1004 359 1076 ἀλλὰ
373 1006 574 1096 κλάγξαντος
588 1005 744 1083 όίκουσαν.
775 1013 847 1078 Hoc
861 1013 943 1079 male
957 1012 1087 1077 finxisse
1100 1015 1245 1097 poetam:
1267 1013 1385 1078 etenim

216 1120 315 1185 latere
338 1121 522 1187 volentibus
549 1120 633 1185 alitis
660 1120 844 1206 clangorem
866 1121 1031 1186 sinistrum
1053 1141 1251 1187 6116116666.
1291 1119 1384 1187 Simi-

216 1227 291 1291 liter
312 1228 407 1308 11111,
428 1229 485 1294 ubi
505 1227 620 1293 Idaeus
643 1231 676 1292 et
692 1227 842 1315 Phegeus
864 1227 1031 1293 1161166111
1053 1249 1149 1293 curru
1170 1226 1385 1293 6611161116-

217 1335 344 1400 medem
368 1339 549 1420 pugnantes
574 1335 779 1401 inducuntur.
820 1335 969 1420 Phegeus
989 1335 1156 1400 Diomedis
1182 1335 1280 1401 hasta
1304 1335 1385 1400 ictus

219 1443 375 1508 caeditur:
411 1448 481 1508 tum
511 1443 593 1508 alter
625 1443 740 1508 timore
771 1464 941 1528 percussus
975 1465 994 1508 a
1020 1464 1114 1509 curru
1143 1464 1177 1508 66
1203 1442 1385 1528 proripiens

218 1551 357 1637 aufugit:
380 1553 553 1639 κατηγορεῖ
566 1547 622 1616 καὶ
636 1544 752 1615 τοότου
766 1553 826 1615 τοῦ
838 1543 945 1616 τόπου
960 1545 1099 1634 Ζωΐλος,
1118 1544 1172 1615 ότι
1185 1544 1273 1628 λίαν,
1291 1543 1383 1639 φησί,

217 1653 355 1741 γελοίως
376 1652 559 1746 πεποίηκεν
581 1652 599 1725 ό
615 1655 758 1745 ποιητὴς
776 1654 834 1723 τὸν
853 1650 975 1725 Ἰδαῖον
996 1650 1211 1723 ἀπολιπόντα
1231 1657 1308 1735 τοὺς
1328 1658 1385 1723 ἵπ-

217 1788 302 1843 πους
327 1763 384 1832 καί
404 1763 442 1831 τὸ
465 1762 555 1849 ἅρμα
578 1759 724 1852 φεόγειν·
755 1757 927 1852 ἠδύνατο
948 1762 1022 1851 γὰρ
1042 1763 1191 1848 μᾶλλον
1212 1760 1280 1831 ἐπὶ
1300 1768 1387 1843 τοῖς

217 1873 367 1951 ἵπποις.
389 1910 430 1921 -
450 1874 599 1958 Denique
621 1874 830 1961 grammatica
849 1873 1054 1960 reprehensio
1077 1876 1126 1938 est
1147 1872 1188 1939 ad
1208 1876 1247 1938 A
1269 1879 1328 1942 129
1349 1866 1389 1937 αί

217 1976 256 2045 κε’
274 1983 366 2046 ποθι
379 1979 463 2058 Ζεὺς
477 1980 561 2066 δῷσι
574 1974 676 2046 πόλιν
693 1975 815 2069 Τροίην
830 1973 989 2061 εὐτείχεον
1010 1973 1234 2062 ἐξυλαπόξαιτ
1255 1977 1386 2057 Ζωΐλος

219 2084 256 2153 dd
279 2079 558 2175 ὃἈμφιπολίτης
580 2085 637 2153 καί
651 2083 853 2174 Χρύσιππος
874 2081 1055 2164 όΣτωϊκὸς
1075 2084 1278 2164 σολοικίζειν
1301 2081 1387 2154 cior-

218 2220 275 2261 ται
295 2192 353 2262 τὸν
372 2189 528 2284 ποιητήν,
557 2189 629 2262 ἀντί
655 2191 764 2262 ἑνικοῦ
784 2196 1001 2283 πληθυντικῷ
1024 2189 1229 2284 χρησάμενον
1250 2188 1388 2284 ῥήματι·

154 2315 202 2366 207
220 2302 257 2369 τὸ
280 2301 341 2388 γὰρ
365 2302 465 2389 δῷσι,
499 2299 598 2391 φασί,
628 2297 857 2391 πληθυντικόν
880 2307 933 2387 (so.
956 2328 995 2371 ex
1016 2304 1188 2391 analogia).
1230 2296 1388 2390 ἀγνοοῦσι

220 2406 256 2474 δὲ
274 2460 282 2474 .
298 2461 305 2478 .
321 2411 391 2478 .¹²⁵.
427 2411 489 2478 Hic
503 2413 604 2498 igitur
618 2411 726 2478 Zoilus
741 2435 937 2497 quamquam
950 2413 1076 2497 ineptas
1097 2413 1268 2497 proposuit
1290 2435 1387 2499 quae·

219 2519 350 2599 stiones,
372 2523 480 2584 tamen
500 2519 637 2586 aliorum
660 2520 806 2604 exempla
827 2522 955 2585 secutus
979 2523 1036 2599 661,
1056 2523 1093 2584 11
1113 2519 1278 2587 verissime
1293 2518 1387 2586 Wol-

218 2628 297 2692 fium
311 2628 428 2693 dixisse
443 2628 587 2709 arbitrer,
609 2651 701 2708 „eum
723 2627 806 2693 nihil
828 2626 1000 2693 admodum
1022 2631 1150 2712 praeter
1168 2631 1294 2694 ceteros
1315 2650 1387 2713 pec-

220 2735 420 2802 cavisse“¹²⁶.

286 2917 324 2959 12⁵
345 2910 433 2982 Quod'
446 2935 532 2972 unum
554 2919 642 2973 restat
663 2917 693 2972 11
711 2916 794 2972 schol.
815 2918 916 2982 Pam,
938 2914 1080 2987 pertinens
1098 2916 1134 2969 ad
1154 2918 1175 2970 θ
1193 2920 1256 2982 200,
1273 2933 1333 2972 non
1348 2917 1387 2972 in·

219 3001 324 3071 telligo.

286 3089 324 3130 ¹2⁶
345 3106 372 3157 p.
391 3086 493 3141 oxea.
526 3086 579 3142 Sed
597 3085 632 3141 de
648 3085 769 3140 hominis
785 3085 898 3155 ingenio
916 3103 949 3141 ac
966 3083 1088 3140 moribus
1105 3083 1220 3140 minime
1237 3085 1308 3141 mihi
1326 3104 1388 3142 cum

220 3173 280 3227 viro
299 3171 410 3242 egregio
429 3170 566 3226 convenit.
603 3170 727 3224 Primum
751 3170 825 3239 quod
848 3170 918 3226 dicit
934 3171 1057 3236 „rabiem
1074 3168 1238 3235 addidisse“‚
1261 3171 1316 3227 hoc
1333 3188 1389 3226 non

221 3257 302 3313 video
320 3256 395 3311 unde
412 3254 507 3324 colligi
528 3253 616 3325 possit
632 3254 686 3309 nisi
704 3272 738 3309 ex
754 3258 882 3311 veterum
899 3255 1049 3311 admodum
1070 3254 1178 3310 incerta
1201 3256 1387 3324 persuasione,

222 3341 271 3411 qui
287 3340 400 3411 plurimi
417 3339 503 3395 fando
515 3338 636 3393 hominis
648 3339 811 3395 memoriam
822 3342 952 3395 tenerent
964 3357 997 3396 ac
1009 3339 1229 3395 declamatorum
1241 3355 1388 3411 exaggera·

221 3425 343 3480 tionibus
361 3424 510 3495 pollutam,
534 3441 652 3492 quorum
668 3422 752 3477 fidem
771 3423 965 3479 dissentientes
983 3424 1017 3479 de
1035 3424 1126 3479 taetra
1144 3422 1203 3478 eius
1220 3428 1311 3480 morte
1328 3442 1388 3481 nar·

221 3509 394 3565 ratiunculae
411 3509 558 3572 testantur,
577 3507 610 3563 cf.
627 3506 732 3562 Harles.
751 3506 788 3562 ad
804 3508 911 3566 Fabric.
929 3510 982 3579 lp.
995 3514 1052 3565 560.
1078 3506 1249 3578 Porphyrius
1267 3508 1388 3578 quidem,

222 3593 268 3648 cui
280 3609 351 3664 quae
362 3592 393 3647 in
404 3592 516 3649 scholiis
527 3591 681 3647 Homericis
693 3592 727 3646 de
740 3609 772 3647 eo
783 3592 890 3648 tradita
906 3596 972 3647 sunt
990 3592 1130 3656 debemus,
1148 3609 1213 3648 eum
1229 3597 1391 3662 γυμνασίας

222 3671 309 3732 ἕνεκα
325 3675 464 3747 scripsisse
481 3676 534 3732 ait:
553 3693 731 3747 quamquam,
751 3679 784 3732 ut
800 3693 865 3732 mox
882 3677 1039 3748 apparebit,
1055 3694 1091 3733 ne
1108 3676 1163 3732 hoc
1180 3674 1295 3746 quidem
1305 3693 1387 3733 aceu-

221 3761 282 3816 rate
304 3760 411 3816 dictum
434 3761 562 3817 arbitror.
603 3759 645 3815 Ex
665 3760 820 3830 vocabulis,
843 3761 943 3832 quibus
965 3761 996 3817 in
1012 3763 1098 3832 poeta
1117 3760 1307 3831 aggrediendo
1325 3780 1388 3817 usus

222 3848 271 3910 est,
288 3846 420 3915 γελοίως,
440 3845 570 3910 ἀτόπως,
593 3844 664 3900 nihil
685 3845 808 3916 asperius
831 3844 866 3901 de
887 3846 1000 3901 homine
1023 3844 1117 3919 colligi
1138 3862 1218 3917 posse
1236 3845 1387 3902 contendo:

221 3946 288 3983 nam
304 3929 373 3983 haec
394 3929 511 3998 vulgata
527 3929 641 3984 fuemnt
662 3929 693 3984 in
710 3930 863 3985 excitandis
880 3930 1072 4001 captiunculis.
1102 3928 1182 3995 Quod
1199 3929 1223 3984 si
1240 3931 1301 3999 quis
1317 3930 1388 3985 illud

139 4015 210 4085 (210)
223 4029 350 4083 asperam
372 4013 431 4068 eius
455 4013 610 4069 orationem
633 4013 788 4084 significare
805 4018 935 4084 reponat,
954 4015 1029 4085 quod
1047 4016 1089 4070 cst
1106 4014 1137 4069 in
1154 4014 1238 4071 schol.
1257 4017 1287 4071 Σ
1302 4020 1335 4071 22
1353 4016 1388 4071 da

221 4096 328 4152 Achille
348 4097 522 4153 lamentante
545 4091 597 4162 ,τό
618 4115 651 4154 τε
672 4091 767 4161 οὕτως
785 4095 981 4166 cananaeae
997 4100 1188 4170 γυναικῶδες·
1216 4092 1311 4164 οὕτως
1327 4092 1387 4155 οὔτ’

222 4175 257 4238 b
272 4179 421 4254 βάρβαρος
438 4183 524 4252 τίτθη
541 4180 709 4252 ἐποίησεν“,
730 4198 766 4236 16
791 4181 958 4249 ecquidem
982 4199 1056 4239 nova
1080 4181 1138 4237 eius
1160 4182 1295 4252 loquendi
1315 4184 1388 4240 ratio

221 4267 270 4321 sad
286 4265 478 4336 proverbialis;
498 4265 589 4321 Aristo
606 4265 682 4336 apud
699 4264 772 4320 Sext.
790 4264 895 4335 Empir.
912 4267 974 4324 adv.
993 4267 1126 4322 matham.
1146 4266 1197 4321 VII
1215 4271 1246 4322 12
1264 4260 1389 4331 τούτους

221 4346 277 4422 γὰρ
296 4349 338 4417 εἰς
348 4348 451 4416 τίτθας
468 4343 503 4406 dlv
520 4352 570 4406 καὶ
587 4347 793 4421 παιδαγωγοὺς
809 4352 935 4408 πίπτειν.
956 4351 1044 4407 Addit
1063 4350 1164 4406 deinde
1176 4350 1293 4409 Wolfius
1310 4351 1388 4409 illam
