3008 4980
203 309 242 370 50
290 301 322 355 H.
351 299 393 354 De
412 299 589 355 Aristarchea
606 299 805 354 vocabulorum
821 296 1031 352 Homericorum
1048 297 1288 367 interpretatione.

202 470 241 533 iis
262 490 331 533 esse
352 467 529 542 vocabulis,
561 464 642 551 quae
664 488 737 532 cum
758 466 863 549 specie
886 465 1066 529 communia
1092 465 1261 531 videantur
1281 467 1314 531 vi
1335 470 1370 531 et

203 575 327 660 origine
348 574 482 639 Homeri
503 575 646 660 propria,
676 597 737 639 usu
765 572 932 656 antiquata
958 573 1117 636 censenda
1142 573 1214 638 sint.
1255 572 1294 637 In
1316 574 1369 639 his

202 704 267 746 una
280 681 346 745 veri
364 681 548 745 inveniendi
568 681 620 745 via
642 685 698 763 est,
717 684 755 745 ut
774 679 930 764 quidquid
950 678 1184 764 praeiudicatae
1207 680 1369 764 opinionis

202 788 387 853 imbibimus
403 787 544 871 seposito
559 810 656 852 unum
670 787 837 870 solumque
848 787 1026 851 Homerum
1039 787 1251 852 attendamus.
1274 785 1370 863 Quod

202 895 236 959 in
257 894 438 960 Homericis
459 898 591 978 propter
617 895 730 958 miram
755 892 1006 978 simplicitatem,
1033 915 1097 976 qua
1121 894 1202 958 nihil
1227 894 1371 960 admittit

203 1001 353 1085 quaesiti,
379 1001 525 1085 proxima
546 1021 692 1084 quaeque
719 999 866 1065 adsciscit
894 1004 927 1064 et
947 1000 1012 1064 suis
1034 999 1113 1064 locis
1132 1000 1270 1064 maxime
1291 1022 1370 1066 con-

201 1108 371 1186 venientia,
393 1108 478 1172 cedit
498 1128 730 1190 nonnunquam
751 1129 903 1192 prospere
925 1111 957 1171 et
978 1107 1073 1171 cessit
1093 1107 1185 1171 haud
1200 1130 1273 1172 raro
1295 1107 1370 1173 Ari·

203 1214 344 1290 starcho,
376 1237 471 1298 quem
499 1236 569 1278 eam
591 1213 632 1278 ob
655 1236 783 1278 causam
804 1217 867 1298 (est
886 1215 965 1279 haec
987 1214 1144 1298 quaedam
1165 1214 1329 1294 divinatio)
1351 1237 1370 1280 a

201 1320 378 1387 Posidonio
401 1322 576 1386 honorifice
597 1320 714 1386 Vatem
736 1321 931 1406 appellatum
953 1342 1022 1386 esse
1044 1321 1167 1405 opinor.

285 1428 440 1494 Ciconum
461 1428 540 1492 urbe
567 1427 690 1512 direpta
716 1429 897 1513 praedaque
918 1429 1003 1493 inter
1029 1427 1133 1493 socios
1159 1429 1278 1513 partita
1298 1429 1370 1493 vin-

203 1537 321 1601 dictam
335 1536 451 1600 timens
465 1533 575 1600 Ulixes
597 1535 689 1599 iubet
710 1535 835 1601 sodales
860 1534 960 1619 διερῷ
979 1530 1063 1598 ποδὶ
1085 1531 1246 1622 φευγέμεν
1268 1540 1294 1618 (ι
1309 1538 1370 1620 43),

201 1644 289 1729 quod
304 1665 414 1707 omnes
429 1642 509 1705 mihi
524 1643 701 1707 assentiant
715 1642 797 1706 nihil
811 1642 899 1707 aliud
918 1665 987 1708 esse
1008 1663 1103 1727 posse
1125 1665 1222 1726 quam
1244 1644 1370 1729 „firgaci

200 1751 299 1834 pede“
320 1772 354 1814 se
381 1749 557 1832 proripere,
583 1753 756 1832 antequam
782 1750 893 1814 hostes
921 1750 1021 1834 copiis
1043 1749 1186 1815 collectis
1208 1753 1369 1817 accedant.

199 1854 268 1922 Iam
285 1855 477 1921 vocabulum
492 1855 752 1939 contemplemur.
787 1856 1005 1942 Agnoscimus
1018 1879 1119 1944 unum
1134 1879 1173 1921 ex
1187 1857 1249 1924 illis
1265 1859 1371 1924 adiec-

200 1963 274 2027 tivis
294 1963 329 2026 in
349 1956 437 2045 ερός,
465 1960 572 2044 qualia
593 1965 668 2025 sunt
689 1958 837 2045 κρυερός,
865 1958 1032 2046 στσγερός,
1063 1958 1204 2048 σκιερόςι
1233 1969 1266 2029 et
1286 1964 1370 2030 forte

200 2069 330 2133 fortuna
350 2069 428 2152 ipsa,
452 2091 548 2152 quam
570 2069 761 2152 quaerimus,
782 2070 872 2134 radix
891 2075 958 2135 tam
972 2076 1022 2137 est
1035 2076 1122 2151 nota,
1144 2076 1211 2136 tam
1225 2070 1369 2137 Homero

200 2176 412 2259 frequentata,
426 2179 463 2240 ut
480 2175 520 2240 ab
534 2177 595 2240 hac
609 2179 699 2260 parte
714 2177 779 2240 iam
792 2176 883 2241 nullo
899 2178 995 2242 modo
1010 2178 1203 2245 laboremus.
1238 2178 1371 2244 Etenim

202 2281 283 2361 διΩ,
307 2276 443 2347 δίεσθαι
464 2283 535 2366 quis
556 2283 679 2348 nescit?
710 2281 799 2360 Quae
825 2284 853 2348 si
875 2284 1059 2369 significant
1078 2285 1235 2370 „fugere“,
1261 2277 1372 2368 διερός

201 2393 251 2456 est
265 2389 378 2475 fugax;
392 2390 441 2455 sin
458 2389 640 2474 significant
654 2389 810 2475 „fugare,“
827 2392 915 2474 quod
928 2392 1007 2455 item
1021 2391 1244 2477 significant,²⁹
1261 2386 1372 2475 διερός

201 2500 250 2561 est
264 2497 439 2582 „fugator.“
476 2495 676 2580 Quamquam
692 2497 817 2562 etiamsi
833 2497 950 2580 duplex
963 2498 1042 2564 haec
1064 2500 1154 2563 notio
1177 2498 1282 2563 verbis
1303 2521 1371 2564 non

200 2603 329 2682 inesset,
350 2603 384 2666 in
406 2603 561 2667 adjectivo
584 2602 733 2686 duplicis,
761 2626 857 2687 quam
879 2605 1015 2669 activam
1037 2609 1069 2671 ct
1085 2605 1245 2689 passivam
1267 2605 1370 2672 dicere

201 2709 357 2784 solemus,
392 2710 636 2796 significationis
670 2731 845 2776 concursus
877 2733 973 2794 quem
1003 2713 1206 2777 mediocriter
1241 2711 1372 2776 doctum

201 2816 396 2881 offenderet?
430 2817 555 2882 Horum
585 2821 712 2882 tantum
743 2818 935 2896 admonebo,
971 2841 1052 2903 quae
1085 2823 1161 2886 sunt
1190 2840 1229 2882 ex
1257 2819 1371 2884 eodem

136 2924 189 2994 (ὅθ)
204 2923 335 3006 scrinio,
356 2917 522 3009 στινερός,
543 2917 721 3012 σφαλερός,
744 2917 900 3010 φοβερός.
934 2926 1082 2991 Activam
1103 2924 1372 3011 significationem

201 3030 261 3095 adi.
284 3024 394 3115 διερός
413 3032 447 3095 in
466 3031 568 3097 altero
589 3031 662 3096 loco
683 3034 897 3118 agnoscimus.
932 3032 1111 3098 Nausicaae
1123 3031 1261 3097 famulae
1275 3031 1370 3098 Ulixe

201 3141 372 3222 conspecto
395 3137 575 3222 aufugiunt,
595 3142 629 3203 at
648 3142 718 3222 ipsa
738 3139 904 3205 blanditiis
927 3140 995 3204 eius
1017 3142 1110 3222 capta
1131 3135 1167 3224 (ζ
1188 3139 1262 3224 198>

153 3251 185 3300 50
438 3237 684 3331 ἀμφιπόλοισιν
706 3241 953 3328 ἐϋπλοκάμοισι
976 3242 1140 3310 κέλευσεν·

300 3347 395 3436 στῖμέ
414 3374 485 3434 μοι,
510 3345 716 3439 ἀμφίπολοι·
738 3346 822 3418 πόσε
844 3349 986 3441 φεύγετε,
1009 3355 1104 3440 φῶτα
1127 3345 1277 3430 ἰδοῦσαις

302 3449 326 3544 ἦ
346 3457 392 3546 μή
410 3455 478 3524 πού
498 3483 572 3524 τινα
593 3456 778 3541 δυσμενέων
799 3453 910 3545 φάσθ’
934 3455 1072 3543 ἔμμεναι
1096 3453 1243 3545 diadocho,

304 3559 364 3629 οὐκ
386 3559 462 3631 ἔσθ’
488 3554 583 3643 οὗτος
605 3560 687 3655 ἀνὴρ
710 3564 820 3651 διερὸς
840 3560 1075 3651 βροτόςφοδδέ
1095 3562 1236 3653 γένηται,

303 3667 341 3749 ὅς
362 3695 417 3737 κεν
443 3667 601 3762 Φαιήκων
623 3667 754 3758 ἀνδρῶν
775 3669 810 3751 ἐς
831 3675 928 3759 μαῖαν
949 3674 1070 3762 ἵκηται,
1319 3661 1321 3665 l

304 3777 461 3866 δηϊοτῆτα
484 3778 608 3866 φέρων·

198 3883 250 3949 Tu
265 3885 338 3950 colo
358 3890 465 3970 posito
486 3893 561 3973 post
581 3883 701 3971 βροτός
714 3890 777 3954 hoc
791 3893 872 3973 puta
886 3890 1043 3974 virginem
1064 3889 1182 3954 dicere:
1203 3888 1370 3968 „Quonam

202 3991 353 4076 aufugitis
380 3994 448 4059 viro
476 4000 670 4079 conspecto?
701 3995 831 4061 Numne
863 4020 936 4061 eum
966 3997 1093 4061 hostem
1129 4018 1198 4061 esse
1228 3998 1370 4080 putatis?

202 4096 278 4164 Non
304 4103 352 4164 est
378 4100 439 4167 iste
465 4103 513 4168 vir
529 4104 660 4190 fugator
680 4104 779 4169 homo
808 4104 850 4186 (h.
873 4125 899 4170 e.
922 4125 988 4168 non
1014 4104 1042 4168 is
1068 4107 1117 4167 est
1137 4126 1233 4187 quem
1255 4103 1369 4190 fugere

269 4334 295 4375 2⁹
313 4333 342 4388 X
357 4336 403 4388 251
424 4333 552 4390 meliores
569 4336 631 4390 edd.
650 4333 710 4398 δίει
728 4333 898 4389 exhibebant
914 4351 965 4405 pro
984 4336 1056 4392 δίον.
