3008 4980
218 338 278 400 316
667 330 713 386 IV.
737 304 778 385 De
795 331 933 402 prosodia.
1015 304 1017 308 ,

219 499 288 565 eius
309 501 405 564 notae
430 497 464 562 in
490 497 588 564 schol.
614 497 735 564 Phoen.
763 505 838 582 656,
868 499 925 565 ubi
949 499 1022 565 Alc
1048 503 1080 566 ct
1104 498 1204 567 Busil.
1231 502 1370 586 praebent

218 598 376 687 Εὖβοίας
397 605 471 690 (pro
494 596 625 690 εὐίοις),
656 610 688 671 ct
715 607 749 671 in
775 607 873 674 schol.
895 606 949 672 Ar.
971 608 1028 672 Av.
1050 614 1110 677 873
1137 600 1306 694 (Εὖβαῖος)
1326 611 1368 675 in·

219 713 348 799 degerit
367 711 546 778 Lobeclrius
567 713 642 799 Agl.
667 720 754 781 1044.

298 820 463 885 Eustcthii
484 823 589 887 aetate
608 821 738 907 signum
760 823 891 906 spiritus
916 823 951 887 in
978 822 1092 888 mediis
1117 825 1285 892 vocubulis
1304 827 1368 892 cbo·

217 931 350 997 leverat:
370 928 431 993 hcc
451 928 577 994 ratione
597 927 652 994 ille
672 953 704 1015 p.
722 936 823 1010 524,3
846 923 883 994 oi
905 921 1065 1017 ἀρχαῖοι
1086 928 1143 996 καὶ
1165 927 1201 997 ἐν
1218 928 1309 1020 μέσῳ
1326 929 1369 998 λέ·

218 1041 298 1120 ξεων
325 1026 562 1116 ἑανενμάτιζον
587 1032 707 1100 καὶτὰ
730 1030 903 1125 φωνήεντα
924 1034 981 1101 καὶ
1000 1035 1039 1104 τὸ
1057 1061 1090 1122 p:
1122 1042 1156 1105 et
1179 1041 1369 1126 paulopost:

218 1141 287 1215 ἀπὸ
314 1146 392 1230 γοῦν
418 1138 662 1208 τῶντοιούτων
690 1141 746 1209 καὶ
772 1139 890 1227 ἑτέρων
913 1140 950 1209 δὲ
970 1138 1170 1212 πλειόνων
1197 1142 1370 1233 σημειού-

217 1256 338 1338 μεθα,
362 1246 412 1328 ὡς
434 1244 476 1333 οἱΙ
497 1243 656 1336 ἀρχαῖοι
681 1245 719 1316 οὗ
746 1245 850 1335 μόνον
874 1248 910 1317 ἐν
936 1254 1009 1330 ταῖς
1033 1246 1150 1335 ἀρχαῖς
1172 1257 1239 1318 τῶν
1267 1250 1371 1336 λέξεων

216 1359 254 1428 τὸ
277 1386 295 1446 ρ
317 1361 479 1440 στοιχεῖον
500 1356 557 1424 καὶ
577 1357 617 1424 τὰ
640 1354 813 1448 φωνήεντα
835 1355 1080 1442 ἔντνεινμαλτιζον.
1102 1385 1134 1447 p.
1159 1368 1250 1444 1715,
1270 1369 1309 1432 23
1328 1359 1372 1428 ὅτι

219 1463 307 1534 (1ὲοὶ
328 1463 472 1533 παλαιοὶ
492 1465 549 1533 καὶ
570 1463 605 1533 ἐν
625 1463 715 1554 μέσῳ
738 1462 858 1548 λέξεων
883 1463 1121 1551 ἐπνευμάτιζον
1146 1467 1190 1533 τὰ
1212 1464 1373 1557 φωνήεντα

217 1574 273 1643 καὶ
287 1570 307 1664 ή
322 1569 423 1653 Ἰλιὰς
436 1574 543 1662 δήλοῖ.
563 1599 593 1662 p.
612 1581 698 1657 1396,
712 1582 753 1644 22
767 1572 844 1662 περὶ
859 1572 896 1640 δὲ
916 1569 1076 1642 τοιούτων
1098 1568 1266 1662 ἆρχαῖκιῦν
1285 1600 1376 1643 αντα-

216 1685 389 1768 ματισμιῦν
413 1679 447 1747 ἐν
471 1686 542 1760 τοῖς
570 1677 617 1760 εἰς
637 1681 697 1770 τήν
716 1676 845 1747 Ἰλιάδα
875 1685 993 1772 σαφῶς
1017 1679 1211 1768 γέγραπται.
1259 1687 1309 1752 Ex
1331 1687 1376 1752 bis

216 1797 306 1880 patet
335 1791 497 1877 quomodo
522 1790 770 1876 intelligendum
800 1792 843 1856 sit
868 1792 947 1858 illud
973 1791 1061 1876 quod
1091 1791 1170 1856 dicit
1195 1816 1227 1879 p.
1251 1800 1324 1876 158,
1340 1801 1376 1863 28

217 1897 271 1966 ὅτι
297 1895 335 1964 δὲ
362 1896 455 1982 παρὰ
479 1901 550 1975 τοῖς
576 1891 728 1984 ἀρχαίοις
754 1890 792 1964 οὗ
819 1892 923 1980 μόνον
947 1897 988 1963 τὰ
1014 1891 1154 1985 ἄρκιικά
1177 1901 1246 1965 τῶν
1267 1896 1377 1981 λέξεων

218 2006 389 2097 φωνήεντα
405 1999 689 2087 ἒπνευματίζοντο,
713 1999 871 2071 ἀλλὰκαὶ
890 2002 933 2070 τὰ
955 2004 1013 2072 διὰ
1032 2002 1135 2089 μέσον
1157 2004 1194 2074 ἐν
1214 2011 1290 2087 ταῖς
1309 2007 1378 2074 σαλ-

217 2114 337 2199 λαβαῖς
359 2106 571 2200 ὡμολόγηται
592 2109 659 2179 ὑπὸ
681 2117 746 2178 τῶν
768 2105 989 2201 ἀντιγράφων,
1014 2106 1059 2192 ὥς
1076 2107 1263 2203 ῥηθήσεται
1280 2113 1335 2181 καὶ
1348 2113 1379 2181 ἐν

216 2225 287 2300 τοῖς
307 2217 397 2309 ἑξῆς·
429 2215 510 2304 ὅπερ
542 2220 639 2309 δηλοῖ
662 2243 728 2286 που
749 2218 806 2286 καὶ
827 2217 846 2286 ὃ
865 2215 1059 2309 Ἀθήναιος.
1094 2223 1168 2290 Hoc
1190 2229 1253 2290 est:
1284 2226 1379 2292 Athe-

218 2353 317 2396 nccus
343 2334 480 2396 testatur
506 2329 564 2415 (IX
589 2354 619 2417 p.
647 2334 739 2414 397Θ)
766 2331 800 2394 in
827 2330 1021 2396 comicorum
1052 2332 1290 2417 exemplaribus
1316 2333 1379 2418 legi

217 2424 312 2515 ταῶς.
357 2437 403 2503 ef.
428 2441 593 2523 praeterea
626 2460 699 2504 eum
727 2462 757 2523 p.
787 2442 874 2504 1347.
919 2443 999 2506 1828
1026 2442 1059 2504 et
1085 2439 1184 2505 schol.
1212 2440 1308 2507 Dion.
1336 2462 1380 2528 gr.

217 2551 328 2632 poce
349 2547 427 2611 item
446 2546 759 2631 interuspirctionem
780 2547 992 2632 ignorantem.

134 2827 204 2951 (ξξῗ)
299 2855 337 2921 In
353 2877 554 2921 communem
570 2878 664 2921 usum
679 2857 838 2922 scribendi
858 2858 921 2922 hoc
942 2858 1072 2943 signum
1084 2858 1381 2944 interuspirctionis

215 2964 301 3048 apud
326 2964 452 3029 Atticos
479 2968 578 3042 certe,
610 2963 676 3029 fere
708 2986 774 3029 non
801 2968 964 3050 receptum
989 2965 1058 3030 fuit.
1103 2963 1167 3044 Qui
1193 2966 1233 3032 de
1260 2967 1321 3032 hac
1348 2989 1381 3032 re

216 3073 372 3157 quaesivit
399 3071 547 3137 Osunnus
581 3073 621 3136 ad
647 3072 806 3138 Marmora
830 3072 1003 3158 Elginicnc
1029 3095 1059 3156 p.
1087 3080 1126 3140 71
1153 3095 1223 3158 sqq.
1255 3076 1379 3158 praeter

213 3179 340 3246 tubulas
354 3178 591 3258 Heracleenses‚
610 3180 777 3264 inquibus
796 3180 922 3264 saepius
945 3180 1090 3263 occurrit,
1112 3183 1145 3245 et
1158 3203 1260 3246 unum
1275 3205 1380 3248 exem-

212 3285 303 3371 plum
329 3309 368 3351 ex
392 3286 579 3352 lithostroto
606 3286 816 3353 Praenestino
839 3287 1150 3370 (ENHYAPD)²³²
1177 3310 1217 3353 ex
1242 3289 1381 3356 Herodis

213 3393 313 3459 Attici
335 3393 543 3478 inscriptione
565 3394 675 3460 attulit
695 3396 922 3459 ENHOAIA.
962 3394 1083 3460 Hisne
1104 3393 1291 3462 Boeckhius
1312 3397 1380 3482 qui·

215 3501 286 3566 dem
307 3501 413 3587 (Gorp.
434 3503 526 3569 inscr.
547 3501 563 3569 I
582 3526 612 3589 p.
633 3506 686 3586 43)
715 3502 830 3567 habuit
851 3502 940 3586 quod
961 3501 1092 3568 adderet
1116 3507 1245 3587 praeter
1273 3526 1379 3571 exem-

213 3607 303 3692 plum
316 3632 418 3674 unum
436 3611 814 3674 ΤΡΙΗΕΜΙΠΟΔΙΟΣ
825 3610 860 3694 (i.
871 3633 898 3676 e.
912 3603 1178 3694 τριήμιποδίους,
1196 3609 1277 3676 ΟΙΑ.
1291 3610 1307 3676 Ι
1321 3616 1379 3679 322

213 3714 268 3778 lin.
292 3716 358 3800 12>2
380 3717 467 3800 quod
482 3719 612 3802 quidem
627 3740 665 3782 ex
683 3718 892 3802 inscriptione
906 3716 1040 3782 Euclide
1061 3717 1242 3802 antiquiore
1263 3720 1379 3785 esem.

280 3885 318 3924 ²3⁹
351 3882 531 3937 Memorabile
543 3901 609 3939 sune
622 3884 697 3955 quod
710 3883 786 3938 inter
801 3900 834 3938 eu
851 3883 987 3938 vocabule.
1000 3899 1071 3954 quae
1084 3883 1183 3940 Latine
1202 3902 1267 3940 cum
1284 3901 1378 3956 aspero

213 3965 313 4035 spiritu
335 3967 481 4022 scribendo.
503 3967 560 4022 sint
576 3967 692 4023 Wolfius
714 3966 795 4021 Anal.
818 3967 872 4023 lit.
895 3967 951 4037 Ip.
971 3972 1020 4023 306
1042 3967 1124 4024 affert
1145 3968 1283 4037 enhydris.
1322 3969 1377 4022 Iam

214 4049 308 4104 confer
326 4049 461 4106 Boeokhii
478 4053 563 4107 verbu
581 4052 599 4106 l.
617 4052 635 4109 1.
653 4070 679 4122 p.
698 4056 743 4108 44³
765 4052 926 4119 „Postremo
948 4052 1023 4120 quod
1040 4052 1070 4106 in
1086 4051 1247 4108 lithostroto
1264 4053 1377 4109 Praene

213 4132 287 4189 stino
305 4137 347 4189 est
366 4135 564 4190 ΕΝΗΥΔΡΙΣ
578 4136 682 4206 largior
698 4135 820 4207 potuisse
839 4153 872 4191 ex
893 4135 992 4191 Italico
1010 4154 1061 4191 usu
1080 4135 1239 4192 derivatum
1255 4142 1339 4193 ersc.“

280 4218 336 4261 232⁸
354 4217 451 4288 <Nunc
473 4218 577 4289 Corpus
603 4220 816 4290 inscriptionum
837 4219 996 4277 Atticarum
1021 4221 1137 4291 praebet
1163 4223 1381 4278 ΠΑΡΗΕΔΡΟΙ

213 4301 226 4354 1
244 4307 276 4357 ει
293 4301 341 4357 fin.
361 4308 401 4365 11,
424 4304 687 4360 nrornnrnro
703 4293 875 4374 προσήνεια
894 4306 957 4361 140
975 4306 993 4361 1.
1013 4311 1057 4372 ro,
1080 4305 1254 4372 Αωονιοιι
1270 4295 1378 4376 ccum

213 4389 227 4441 Ι
246 4392 292 4442 481
315 4389 332 4441 l.
352 4393 374 4454 1,
392 4386 447 4442 ulia
464 4389 576 4457 pauca.)
