3008 4980
577 1455 789 1538 Excursus
819 1455 868 1536 ad
899 1486 939 1564 p.
972 1458 1036 1538 35.

303 1689 395 1757 Eust.
417 1691 455 1753 A
469 1695 509 1756 20
523 1711 553 1772 p.
568 1693 653 1766 28,2
672 1677 799 1750 Ἀπίων
821 1681 878 1750 καί
895 1677 1097 1769 Ἡρόδωρος,
1122 1675 1168 1751 ών
1188 1686 1323 1773 βιβλίον
1345 1684 1390 1769 είς

222 1792 264 1859 τὰ
286 1798 345 1861 τοῦ
363 1790 510 1883 Ὁμηρου
531 1791 678 1884 φέρεται.

287 1947 380 2013 Εσελ.
404 1952 433 2010 Β
456 1954 516 2016 764
537 1970 566 2032 p.
589 1950 658 2029 340,
678 1951 718 2011 20
954 1945 1126 2011 Herodian.
1149 1951 1180 2011 B
1201 1955 1262 2017 764

220 2051 258 2118 τό
292 2050 328 2118 δέ
362 2048 539 2130 ποδώκεας
565 2044 694 2116 Ἀπίων
728 2046 785 2115 καί
826 2044 1014 2128 ποδώκεαςτ
1042 2049 1128 2130 τινές
1153 2049 1198 2133 ώς
1223 2049 1389 2141 εόσεβέας·

217 2156 411 2248 Ἡρόδωρος
441 2155 501 2227 οὐκ
528 2152 673 2244 εὐλόγως
699 2179 784 2243 προ·
826 2155 883 2223 καί
905 2157 1008 2236 οδτώς
1030 2153 1116 2245 αἱρεῖ
1141 2156 1158 2226 δ
1182 2155 1295 2248 λόγος,
1325 2158 1390 2250 είγε

221 2266 470 2355 παροξύνεσθαι
492 2265 633 2353 λέγουσι.
658 2264 700 2330 τὰ
722 2263 783 2351 γάρ
826 2262 883 2330 καί
908 2263 946 2332 τὸ
972 2262 1129 2354 ποδώκης
1155 2262 1289 2358 ὀφείλει
1316 2265 1390 2353 ‹355-

221 2370 269 2455 είς
292 2400 329 2455 υς
354 2369 549 2459 όξυνόμενα,
578 2369 785 2464 φυλάττοντα
827 2377 962 2453 νεσθαι,
997 2373 1088 2440 καθὸ
1113 2373 1155 2440 τὰ
1184 2370 1232 2456 εἷς
1256 2403 1295 2458 υς
1316 2373 1391 2461 όξό·

221 2481 256 2548 ἐν
280 2488 320 2574 τῇ
341 2481 497 2550 συνθέσει
517 2482 577 2571 την
601 2476 702 2569 αὐτην
724 2505 784 2546 κα·
825 2504 919 2560 τονα,
952 2475 1165 2571 φυλάσσοντα
1192 2481 1227 2551 έν
1252 2490 1291 2578 τῇ
1316 2510 1391 2553 συν-

219 2586 364 2678 τάληξιν,
388 2585 576 2657 ἀναδίδωσι
596 2589 654 2658 τὸν
675 2583 781 2667 τόνον,
826 2585 923 2655 θέσει
932 2588 993 2678 την
1005 2585 1193 2680 κατάληξιν,
1205 2587 1391 2662 άναδίδώσι

221 2689 293 2765 οἷον
320 2692 437 2784 δριμύς
463 2693 639 2784 άνδριμυς,
667 2691 785 2782 τραχύς
824 2692 882 2762 τὸν
900 2691 1006 2776 τόνον,
1030 2694 1146 2785 δριμύς
1160 2693 1312 2787 άδριμυς,
1335 2697 1391 2784 οὐχ

220 2799 371 2891 δίτραχυς·
401 2803 446 2895 μη
480 2802 564 2872 οδτώ
594 2803 631 2872 δέ
657 2801 781 2887 έηοντα,
827 2800 931 2882 οὕτως
949 2801 985 2870 δὲ
1000 2799 1125 2888 έηοντα,
1148 2801 1236 2875 ἀλλὰ
1251 2806 1391 2898 τρέπον-

220 2907 308 2978 άλλὰ
329 2910 491 2998 τρέποντα
515 2911 552 2981 τδ
575 2911 671 2992 τέλος
691 2913 784 2979 ἵστα·
825 2935 866 2976 τα
892 2910 930 2977 τδ
962 2909 1057 2992 τέλος
1085 2915 1217 2983 ἵσταται
1248 2914 1307 2984 έπὶ
1333 2922 1391 3006 της

219 3046 292 3100 ται,
322 3016 439 3109 φασίν,
474 3018 532 3086 έπί
557 3014 681 3102 ὀξείας,
712 3010 784 3087 οἷον
827 3012 1041 3107 ὀξείαςηδός
1058 3014 1389 3111 άηδης,δαρόςάδα·

220 3124 304 3215 ηδός
317 3121 432 3215 άηδης,
449 3124 553 3213 βαρύς
567 3123 705 3216 άγθαρης,
723 3121 784 3214 ηίίς
825 3120 894 3214 ρης,
908 3119 1084 3217 ηδςένηης.
1101 3123 1389 3223 οδτώςοδνάίφει-

220 3230 330 3324 ένηης,
364 3231 477 3319 βυθός
506 3230 656 3324 άβαθης·
697 3232 781 3301 οὕτω
825 3233 862 3298 λε
887 3231 944 3300 καὶ
972 3233 1010 3301 τδ
1042 3230 1200 3326 ποδώκης
1226 3233 1389 3322 ὀξυτονεῖ-

220 3349 296 3427 γοῦν
316 3341 373 3409 καὶ
394 3336 482 3421 ώκός
502 3337 675 3431 ποδώκης,
699 3338 783 3409 ώστε
825 3346 911 3407 σθαι
925 3337 1100 3426 γενόμενον
1122 3339 1192 3413 άπὸ
1213 3352 1274 3414 τοῦ
1296 3342 1389 3429 ώκός.

220 3445 288 3516 κατ’
306 3445 423 3528 αὐτοὺς
441 3446 532 3539 καίη
552 3449 712 3538 ποδώκης
725 3450 783 3515 ίπ-
825 3442 912 3514 άλλά
946 3472 1049 3538 φασιν
1078 3446 1126 3531 είς
1151 3447 1303 3544 ἰδιότητα
1331 3461 1389 3524 τοῦ

219 3582 285 3636 πος
314 3551 472 3640 ὀξυτόνως
506 3552 631 3647 ώφειλε
663 3555 781 3625 καὶτὸ
820 3550 998 3638 Ἀχιλλέως
1029 3563 1324 3650 βεβαρυτυνησθαι
1353 3562 1390 3632 τὸ

219 3664 446 3752 πληθυντικὸν
497 3663 681 3744 ποδώκέας.
742 3664 781 3732 τὸ
823 3659 989 3753 ποδώκης.
1015 3666 1109 3753 παρὰ
1124 3672 1201 3753 γοῦν
1213 3674 1260 3757 τῷ
1271 3667 1388 3740 Ἡσιό-

217 3769 332 3854 μέντοι
363 3767 521 3861 ποδώκης
542 3766 712 3854 Ἀχιλλεὺς
744 3768 780 3839 οό
825 3772 872 3860 δην
899 3768 1102 3859 διεγνώκασι
1127 3777 1313 3866 ,ποδώκης
1341 3774 1385 3845 δῖ’

218 3875 507 3966 παρασαλεόουσιν
547 3877 580 3948 οἱ
614 3878 779 3970 ῥηθέντες,
820 3873 1037 3970 Ἀταλάντηίί.
1083 3880 1118 3949 τί
1150 3877 1207 3953 οὖν
1238 3883 1296 3953 ἐπὶ
1329 3892 1388 3955 τοῦ

136 3981 305 4058 (semmei
339 4008 442 4076 φασιν
471 3985 523 4056 ὅτι
552 3987 590 4055 τὸ
624 3982 782 4076 ποδώκης
822 3986 1009 4070 Δόλώνοςς·
1025 3991 1109 4058 κατὰ
1135 3996 1273 4080 βαρεῖαν
1293 3989 1388 4062 τάσιν

214 4088 383 4176 Ἀχιλλεὺς
409 4091 457 4174 εἰς
481 4091 632 4185 ἰδιότητα
659 4101 720 4163 τοῦ
740 4094 782 4183 η’·
823 4092 1029 4184 άνεγνώκασι
1048 4098 1105 4166 καὶ
1120 4097 1177 4169 ἐπὶ
1190 4098 1308 4170 τούτου
1325 4095 1388 4182 ,,δς

217 4226 304 4290 ρώος
323 4200 591 4293 βεβαρυτόνηται.
824 4200 866 4293 δη
892 4229 946 4271 τοι
976 4197 1066 4286 εἶδος
1096 4205 1156 4292 μέν
1190 4204 1246 4297 έην
1272 4206 1383 4290 κακός,

824 4306 911 4378 ἀλλὰ
933 4310 1124 4401 ποδώκης“.
