3008 4980
342 331 364 380 2.
382 325 498 396 Didymi
513 326 585 381 liber
603 330 637 384 de
654 325 808 381 Aristarchi
826 326 949 381 editione
966 327 1088 381 Homeri.
1255 335 1296 396 25

127 497 299 576 Zenodoti,
326 497 570 581 Aristophanis,
606 502 639 561 et
663 497 857 562 recentiores
883 497 1031 562 adhibuit
1052 519 1226 581 earumque
1250 497 1297 562 le-

127 607 250 671 ctiones
266 604 443 688 adscripsit.
479 604 628 690 Denique
643 605 731 670 haud
744 626 816 669 raro
832 604 930 669 etiam
951 605 1105 669 iudicium
1127 627 1220 669 suum
1242 604 1298 668 ad-

125 714 206 792 iicit,
233 712 268 776 in
294 733 455 796 quocum
485 735 504 776 a
530 713 670 798 partium
697 713 803 777 studio
831 713 1082 777 remotissimum
1107 712 1297 777 invenimus,

127 820 262 905 Saepius
278 820 409 903 quidem
424 820 599 884 assentitur
612 818 813 884 Aristarcho:
835 819 891 884 sed
906 822 956 884 est
969 820 1026 884 ubi
1043 819 1121 884 alias
1142 819 1299 884 lectiones

127 927 297 1009 (Zenodoti
326 927 434 1008 etiam)
463 927 515 991 vel
541 950 642 1011 aeque
669 927 770 992 bonas
797 926 848 990 vel
874 927 968 991 etiam
995 927 1143 992 meliores
1170 927 1299 992 iudicat.

126 1034 247 1099 Iudicia
277 1034 467 1119 plerumque
496 1035 614 1098 brevia.
659 1034 850 1099 Adscribam
876 1035 1046 1119 quaedam,
1077 1038 1115 1100 ut
1138 1057 1209 1100 mos
1231 1036 1299 1099 eius

127 1143 234 1226 aliquo
257 1142 354 1207 modo
374 1146 600 1227 cognoscatur.
631 1145 662 1204 B
680 1148 740 1209 266
763 1137 867 1218 οὕτως
889 1135 924 1205 αἱ
942 1134 1157 1225 Ἀριστάρχου
1179 1137 1299 1228 ἔκφυγε

127 1253 205 1332 (non
226 1243 368 1332 ἔκπεσε).
397 1246 454 1314 καὶ
470 1244 559 1314 ἔστιν
572 1243 592 1338 ῆ
606 1252 720 1337 χρῆσις
730 1243 891 1336 Ὁμηρικὴ
911 1252 968 1336 τῆς
989 1245 1120 1327 λέξεως·
1142 1242 1301 1335 παρίστη-

127 1377 162 1421 σι
199 1355 262 1440 γὰρ
291 1352 396 1421 ἐνίοτε
431 1351 543 1436 τάχος·
590 1350 721 1444 ,,φόγεν
752 1351 855 1445 ῆνίαίῑ
886 1359 936 1441 (Ψ
960 1361 1032 1440 465)
1065 1353 1122 1420 καὶ
1154 1350 1301 1443 ,,έ’κφυγε

125 1458 261 1549 χειρόςα
281 1467 324 1547 (Ε
345 1468 404 1547 18).
446 1462 558 1534 5382
584 1458 657 1528 ένια
686 1461 723 1529 δέ
748 1468 814 1530 τῶν
840 1456 1085 1550 ὑπομνημάτων
1103 1464 1207 1529 δῶκεν
1228 1457 1302 1528 ἀντὶ

126 1574 186 1636 τοῦ
209 1567 335 1638 δόσκεν.
364 1568 422 1635 καί
442 1566 530 1636 ἔστιν
552 1565 822 1659 εάφραδέστερον.
862 1578 942 1640 Tac
961 1564 1173 1658 Ἀρίσταρχος
1193 1568 1302 1649 „Zeto

128 1672 268 1744 ἀοατο.“
291 1676 372 1763 (καί)
392 1675 496 1756 οὕτως
518 1676 553 1744 έν
575 1675 733 1762 άπάσαις,
755 1678 840 1757 Ζεὺς
861 1673 979 1745 ἀσατο·
1001 1678 1059 1745 καί
1080 1675 1149 1746 ἔστι
1170 1702 1301 1766 ποιητι-

128 1782 279 1871 κώτερον.
302 1783 337 1850 έν
365 1784 403 1851 δέ
427 1809 496 1851 τισι
519 1789 582 1851 τῶν
604 1782 815 1872 εἰκαιοτέρων
836 1781 912 1876 Ζῆν’
937 1781 1051 1856 ἀσατο.
1091 1792 1119 1851 Υ
1141 1796 1198 1857 170
1220 1780 1301 1871 γρά-

129 1919 229 1982 φεται
255 1889 473 1983 ἀμφοτέρωσε
500 1890 535 1961 έν
563 1918 667 1976 τισιν,
703 1890 740 1962 οδ
769 1891 915 1982 φαόλως.
958 1904 1017 1965 188
1044 1891 1064 1984 ῆ
1086 1893 1219 1960 Ῥιανοῦ
1246 1891 1304 1960 καὶ

125 1996 388 2091 Ἀριστοφάνους
407 2007 499 2085 βοάν
517 1999 591 2069 έπι·
615 1997 677 2068 οάκ
699 1997 869 2088 ἀχαρίτως.
904 2009 935 2068 Γ
954 2012 1015 2073 292
1036 2001 1139 2081 οὕτως
1160 1997 1194 2068 αἱ
1212 1997 1303 2086 Ἀρι-

128 2105 267 2196 στάρχου
282 2104 353 2176 ἀπὸ
369 2107 567 2192 στομάχους·
591 2106 626 2176 αὶ
648 2108 684 2177 δέ
695 2110 835 2188 πλείους
851 2109 907 2177 διὰ
922 2117 982 2177 τοῦ
997 2135 1023 2190 ε,
1040 2109 1098 2177 ἐπὶ
1111 2103 1303 2193 στομάχους.

128 2217 185 2284 καί
214 2215 302 2283 ἔστιν
332 2212 392 2282 οὐκ
420 2211 538 2301 ἀχαρις
566 2214 585 2306 ῆ
609 2213 730 2308 γραφῆ.
771 2225 802 2282 Γ
821 2226 859 2288 18
888 2215 955 2300 ἔχει
981 2217 1018 2285 δὲ
1043 2218 1103 2286 τόν
1124 2214 1303 2306 Ὁμηρικὸν

127 2331 317 2415 χαρακτῆρα
336 2321 431 2414 καίῆ
452 2323 511 2389 σὺν
531 2330 578 2412 τῷ
603 2319 723 2412 ἀρθρφ
745 2325 856 2415 γραφὴ
881 2323 1002 2410 καίπερ
1026 2320 1087 2392 ota
1109 2317 1191 2392 οάσα
1210 2319 1303 2408 Ἀρι-

127 2434 305 2520 στάρχειος,
327 2435 511 2518 etreliqua,
534 2458 615 2519 quae
636 2436 773 2502 lectores
796 2437 892 2502 velim
916 2438 1045 2502 adeant.
1080 2439 1116 2498 N
1127 2442 1189 2503 502
1209 2437 1303 2516 προῦ-

128 2566 202 2620 τοςε
224 2537 242 2631 ῆ
263 2535 537 2629 Ἀριστοφάνειος
559 2535 720 2627 πρόσθεν,
742 2541 800 2608 καὶ
820 2538 952 2632 μῆποτε
974 2539 1118 2626 βέλτιον·
1141 2537 1303 2624 πρότερος
1314 2561 1368 2631 (29)

130 2649 191 2736 γὰρ
208 2642 248 2714 ἀν
264 2640 363 2716 εἶπεν.
394 2653 434 2713 Η
444 2657 505 2718 436
527 2646 564 2714 έκ
585 2646 721 2715 πεδίου·
743 2646 778 2715 έν
798 2653 837 2740 τῆ
858 2648 943 2714 κατὰ
962 2643 1186 2737 Ἀριστοφάνη
1202 2642 1305 2726 οὕτως

130 2754 326 2843 ἐγέγραπτο,
349 2754 383 2822 ἐν
405 2753 525 2842 πεδίφ·
555 2755 611 2823 καὶ
637 2753 768 2846 μῆποτε
790 2751 926 2840 ἀμεινον
949 2761 1047 2824 τοῦτο
1067 2759 1153 2843 (cod.
1174 2751 1303 2841 οὕτως).
1399 2768 1402 2773 ’

131 2873 173 2932 Μ
190 2873 251 2936 428
278 2861 361 2952 ότῳ1
398 2857 587 2951 Ζηνόδοτος
613 2861 705 2952 ὅτεῳ.
736 2864 793 2931 καί
820 2861 977 2954 ἐμφαίνει
1000 2859 1180 2950 Ὁμηρικὸν
1202 2886 1305 2946 χαρα-

132 2978 246 3063 κτῆρα·
274 2971 331 3039 καὶ
358 2971 420 3058 γὰρ
448 2968 594 3052 ἀλλαχοῦ
623 2992 705 3060 φησι
732 2975 806 3059 „api
836 2966 919 3058 ὅτεῴ
949 2995 985 3037 τε
1009 2970 1118 3060 πατῆρ
1148 2968 1303 3036 κέλετακῑ

131 3086 165 3166 (β
182 3085 262 3164 114).
300 3085 340 3145 Η
356 3086 417 3149 428
439 3081 620 3167 πυρκαϊῆς·
642 3075 744 3158 οὕτως
766 3075 801 3145 αἱ
817 3074 1032 3164 Ἀριστάρχου
1053 3076 1138 3144 κατὰ
1160 3073 1345 3166 peccatura

129 3183 147 3276 ῆ
171 3189 256 3275 <cod
274 3183 325 3274 αἱ)
348 3185 384 3253 δέ
398 3182 587 3272 Ζηνοδότου
608 3189 762 3276 πυρκαῖῆ.
786 3187 842 3254 καὶ
863 3183 933 3254 ἔστι
952 3185 1171 3274 χαριέστερον,
1195 3180 1242 3264 ὡς
1260 3184 1298 3252 τδ

131 3293 192 3375 υἐν
214 3292 251 3360 δὲ
275 3299 364 3384 πυρῆ
385 3291 494 3382 ὑπάτη
516 3293 629 3379 νεκρὸν
652 3292 787 3361 θέσαν·
808 3299 859 3380 (Ψ
881 3300 962 3381 165).
1002 3301 1031 3360 Σ
1049 3304 1110 3365 492
1131 3292 1168 3360 ἐκ
1190 3287 1302 3359 θαλά-

130 3428 217 3485 μωνε
239 3398 428 3490 Ζηνόδοτος
443 3400 476 3480 ές
490 3399 679 3486 θαλάμους.
700 3404 756 3469 καὶ
770 3399 859 3469 ἔστιν
875 3398 939 3471 οάκ
954 3397 1127 3480 ἀπίθανος
1141 3399 1161 3491 ῆ
1181 3397 1301 3492 γραφῆ.

132 3520 162 3575 Σ
183 3519 240 3580 142
265 3504 474 3596 ἀγορεύσατ’.·
504 3509 597 3598 παρὰ
626 3510 800 3599 Ζηνοδάτῳ
823 3506 1013 3597 ἀγορεῦσαι·
1039 3509 1097 3577 καὶ
1120 3505 1305 3600 ἀποφαίνει

130 3619 168 3688 τὸ
186 3614 366 3707 Ὁμηρικὸν
388 3616 477 3697 ἕδος.
523 3623 552 3682 Σ
571 3627 631 3688 565
654 3613 705 3683 ἐπ’
731 3613 854 3703 αάτῆνε
884 3617 919 3697 ές
945 3613 1048 3707 αάτῆν
1076 3618 1168 3705 παρὰ
1198 3625 1304 3707 Ζηνο-

132 3725 228 3815 δότφ·
247 3727 305 3794 καὶ
322 3723 389 3809 ἔχει
409 3727 506 3812 λόγον
526 3722 682 3815 ῆγραφῆ.
720 3730 839 3795 Contra
853 3753 880 3797 e.
896 3751 928 3816 g.
944 3729 975 3792 Ω
990 3735 1030 3797 20
1051 3724 1128 3812 περὶ
1143 3720 1172 3792 δ
1189 3722 1304 3812 αἰγίδα

131 3831 241 3900 πάντα
255 3830 420 3901 κάλυπτεν
433 3830 600 3919 χρυσείηντ
621 3832 726 3913 οὕτως
742 3830 856 3920 αἰγίδα
869 3831 1021 3923 χρυσείην
1035 3830 1069 3900 αἱ
1081 3829 1304 3921 Ἀριστάρχου,

132 3941 208 4029 περί
224 3940 304 4010 ὅλον
317 3937 417 4008 αὐτὸν
431 3939 594 4009 ἐκάλυπτε
604 3942 666 4029 τῆν
674 3946 794 4032 χρυσῆν
808 3936 938 4028 αἰγίδα·
954 3941 1011 4009 καί
1023 3938 1155 4027 μήποτε
1165 3938 1304 4029 Ὁμηρι-

132 4047 285 4135 κότερον·
307 4045 426 4129 ,ποῖόν
439 4075 492 4117 τοι
512 4049 576 4136 έγώ
600 4048 703 4137 νέφος
725 4044 960 4139 ἀμφικαλύψω
974 4045 1137 4133 χρύσεονῑῑ
1160 4049 1205 4137 (Ξ
1224 4055 1305 4136 343).

132 4160 216 4226 Sunt
236 4160 315 4225 haec
337 4165 370 4225 et
391 4162 506 4226 similia
527 4161 645 4227 iudicia
665 4161 789 4226 brevia:
812 4161 932 4225 etenim
947 4161 1091 4227 habebat
1112 4162 1236 4227 adhoc
1257 4162 1305 4225 la-

133 4268 247 4332 tiorem
269 4290 433 4351 campum,
463 4291 504 4333 sc.
536 4268 783 4334 commentarios
812 4290 888 4333 suos
909 4269 943 4332 in
964 4268 1157 4335 Homerum:
1188 4270 1221 4333 in
1243 4269 1305 4333 hoo

132 4395 206 4440 vero
228 4374 310 4441 libro
332 4376 412 4441 haec
433 4377 583 4442 ultimum
604 4376 713 4442 locum
734 4376 910 4456 habebant,
933 4377 1111 4443 lectionum
1131 4380 1303 4462 apparatus
