3008 4980
212 326 256 388 26
495 323 514 375 Ι.
533 321 574 376 De
591 321 716 376 fontibus
733 321 875 379 doctrinae
893 323 1093 378 Aristarcheao.

211 491 406 556 summumss:
428 496 569 557 attamen
591 492 748 575 quaedam
770 493 892 557 existis
909 493 1052 557 doctiora
1068 497 1144 556 sunt
1159 514 1255 576 quam
1276 492 1382 575 prima

212 600 316 682 specie
331 600 490 664 videntur:
511 599 634 664 habent
649 601 734 664 enim
752 600 912 665 rationem
935 622 1008 663 cum
1021 599 1200 664 Aristarchi
1223 599 1381 664 doctrina:

212 706 274 770 alia
288 729 374 771 nunc
388 707 535 772 breviora
553 730 650 790 quam
665 709 705 772 ab
721 707 861 772 auctoris
882 729 981 771 manu
1002 707 1148 791 profecta
1168 710 1258 771 sunt:
1280 727 1381 790 quae·
1416 708 1417 711 ’

212 814 285 878 darn
307 836 392 878 nunc
414 815 510 879 etiam
530 814 626 878 latius
649 815 793 899 exposita
815 817 864 897 (ut
887 818 916 876 Γ
956 817 996 896 8).

155 1074 160 1093 .
295 995 314 1077 5
336 1003 363 1061 7.
400 993 476 1059 Non
505 995 716 1059 iniucundum
737 995 863 1059 videtur
883 999 990 1059 totum
1011 1016 1107 1077 quem
1128 994 1303 1078 Didymum
1324 997 1381 1061 ad-

149 1100 161 1171 l
211 1102 354 1168 hibuisse
376 1103 552 1167 etiamnum
572 1103 753 1167 invenimus
776 1106 964 1185 apparatum
985 1123 1159 1166 recensere.

293 1208 461 1275 Editiones
476 1214 553 1274 sunt
570 1214 697 1294 praeter
714 1209 936 1274 Aristarcheas
957 1208 1031 1273 hae:
1054 1208 1141 1290 Chia,
1162 1207 1382 1289 Massiliotica,

212 1318 382 1394 Cretensis,
399 1317 522 1402 Cypria,
543 1317 672 1401 Argiva,
694 1315 845 1406 Sinopica
868 1320 906 1396 (v.
925 1315 1019 1381 Wolf
1030 1339 1059 1399 p.
1075 1313 1252 1397 CLXXVI),
1275 1311 1294 1402 ἡ
1317 1339 1383 1381 πο-

147 1415 201 1484 (30)
214 1418 364 1502 λύστιχος
385 1428 432 1507 (A
454 1431 523 1492 258.
547 1431 579 1488 Δ
597 1424 676 1507 335),
697 1424 891 1500 Antimachi‚
912 1423 1045 1502 Rhiaui,
1065 1422 1256 1504 Philetaen,
1278 1423 1382 1490 Zeno-

213 1533 289 1614 doti,
301 1531 476 1618 Sosigenia
487 1531 695 1612 Philemonis,
706 1531 940 1616 Aristophanis,
953 1531 1126 1596 Callistrati
1142 1533 1185 1613 (Γ
1197 1537 1244 1599 18.
1260 1537 1291 1594 Ζ
1300 1539 1384 1614 434),

213 1640 349 1706 Cratetis
369 1639 413 1721 (Ω
436 1642 521 1720 253),
551 1643 621 1703 tum
648 1662 727 1723 quas
754 1640 831 1704 dicit
858 1633 988 1714 κοινάς,
1018 1632 1191 1720 δημώδεις.
1231 1641 1383 1707 Aeolicae

140 1742 143 1747 “
214 1746 322 1828 (schol.
353 1746 412 1811 Od.
442 1744 555 1823 5280.
578 1751 648 1813 331.
675 1767 695 1809 σ
720 1751 773 1830 98)
802 1753 834 1812 11
855 1747 998 1832 cyclicae
1026 1747 1081 1827 (ib.
1108 1771 1135 1808 π
1163 1754 1229 1814 195.
1265 1753 1383 1831 (125)l

168 1860 200 1912 26
212 1853 334 1918 mentio
355 1853 390 1916 in
405 1852 535 1917 scholiis
550 1854 591 1917 ad
609 1854 784 1938 Odysseam
805 1877 846 1919 ne
870 1854 982 1919 dubita
1004 1854 1083 1937 quin
1105 1876 1144 1918 ex
1166 1857 1277 1921 eodem
1292 1857 1384 1922 fonte

211 1960 262 2024 sit.
305 1960 534 2024 Commentarii
560 1962 738 2025 Aristarchi
776 1967 808 2026 et
839 1962 966 2027 scholae
999 1961 1151 2026 destinati
1185 1967 1217 2026 et
1249 1963 1384 2028 editioni

210 2071 354 2153 paratae,
385 2067 460 2132 inde
492 2069 532 2132 ab
558 2070 629 2134 istis
657 2069 712 2152 qui
733 2069 828 2153 primi
855 2069 1001 2147 fuerunt,
1039 2091 1111 2134 curn
1140 2071 1285 2134 nondum
1314 2071 1384 2155 ipse

211 2177 335 2240 textum
357 2174 520 2252 edidisset,
551 2176 607 2240 sed
629 2177 872 2241 annotationem
892 2199 983 2240 suam
1005 2177 1045 2240 ad
1065 2176 1293 2260 Aristophanis
1316 2178 1384 2242 edi-

278 2427 291 2465 8
326 2423 429 2478 Contra
445 2422 599 2477 Ptolemaei
620 2423 796 2478 Ascalonitae
818 2423 922 2478 librum
945 2428 1080 2493 περὶτῆς
1098 2421 1131 2479 ἐν
1148 2415 1298 2497 Ὀδυσσείᾳ
1316 2415 1384 2493 Ἄρι-

212 2499 339 2576 στοὶρχου
362 2500 552 2576 διορθώσεως
574 2507 671 2575 (Suid.)
692 2509 851 2576 putaverim
874 2508 903 2562 in
922 2507 1108 2563 diiudicandis
1123 2507 1276 2564 Aristarchi
1293 2509 1385 2563 ortho-

211 2591 330 2663 graphia
348 2594 377 2646 et
393 2591 555 2646 accentibus
571 2590 691 2646 maxime
709 2596 849 2647 versatum
865 2593 956 2646 fuisse.

278 2674 519 2746 811,,11111111111111
541 2674 655 2730 Homeri
677 2674 817 2731 Philetam
839 2677 915 2745 quod
938 2676 1059 2732 emisisse
1085 2678 1114 2731 ct
1136 2675 1185 2729 alii
1206 2677 1333 2730 scribunt
1356 2680 1385 2731 11

211 2762 296 2816 Lehrs
313 2760 395 2815 Arist.
414 2778 439 2830 p.
459 2766 491 2815 30
513 2761 543 2814 in
568 2778 599 2815 eo
622 2759 766 2815 falluntur.
806 2761 903 2830 Neque
926 2762 1000 2816 enim
1018 2762 1250 2816 commemoratur
1267 2778 1386 2829 usquam

212 2848 227 2915 ἡ
251 2848 405 2916 Φιλήτειος
426 2849 455 2900 11
476 2863 572 2901 omnes
592 2845 752 2900 notationes
773 2846 900 2900 Philetae
928 2847 1092 2900 Homericae
1121 2846 1159 2900 ad
1188 2845 1297 2900 Glossas
1320 2843 1386 2900 'eius

211 2931 354 2985 commode
376 2930 471 2984 referri
493 2933 625 2998 queunt“.
665 2930 849 3000 Sengebusch.
875 2932 987 2986 Homer.
1010 2930 1117 2984 dissert.
1140 2932 1153 2983 Ι
1174 2949 1202 2999 p.
1225 2935 1275 2984 53„
1306 2931 1386 2984 Idem

211 3035 238 3087 p.
256 3021 286 3070 61
306 3015 447 3069 Cratetem
465 3016 587 3070 carmina
604 3014 753 3070 Homerica
771 3015 888 3070 edidisse
905 3019 998 3084 negat.
1035 3015 1089 3069 Cir.
1113 3014 1199 3069 etiam
1221 3013 1250 3068 0.
1268 3014 1386 3068 Wachs·

211 3101 300 3154 muth.
320 3100 354 3153 de
372 3098 445 3153 Crat.
463 3100 538 3156 Mall.
557 3119 584 3169 p,
604 3101 658 3168 31.)

279 3188 291 3226 9
325 3184 358 3237 In
375 3182 573 3237 bibliothecam
590 3182 807 3238 Alexandrinam
829 3184 961 3239 volumen
983 3186 1100 3238 venerat
1117 3182 1234 3237 Iliadem
1252 3184 1281 3236 11
1298 3181 1386 3251 Odys·
1440 3219 1443 3224 ι

212 3286 288 3323 seam
304 3286 361 3323 una
379 3285 442 3321 cum
460 3266 570 3334 cyclicis
587 3268 782 3338 complectens.
817 3267 899 3322 Hunc
922 3268 1131 3322 Homericorum
1153 3266 1308 3322 carminum
1328 3269 1386 3322 tex-

212 3355 274 3431 tum
297 3353 331 3421 (is
351 3350 407 3406 fuit
428 3351 551 3418 fortasse,
581 3350 630 3420 qui
651 3350 682 3406 iu
700 3351 753 3406 fine
771 3350 867 3406 Iliadis
884 3351 1012 3406 additum
1029 3352 1164 3406 habebat:
1185 3351 1226 3414 cle
1244 3345 1275 3404 δι’
1290 3341 1317 3420 y'
1336 3341 1386 3418 ἅμ-

212 3439 321 3507 φὶεπον
337 3428 433 3506 τάφον
442 3423 597 3505 Ἕκτορος·
619 3433 692 3506 ἦλθε
716 3427 743 3490 δ’
760 3430 894 3505 acardi,
912 3429 1012 3506 Ἄρηος
1034 3429 1165 3505 θυγάτηρ
1186 3437 1387 3505 μεγαλήτορος

214 3513 422 3592 ανδροφόνοιο)
439 3519 626 3574 bibliothecae
643 3520 781 3590 praefecti
800 3524 828 3576 et
848 3521 1024 3590 grammatici
1050 3519 1162 3574 nomine
1181 3529 1232 3587 τῆς
1248 3520 1387 3587 κυκλικῆς

214 3601 407 3676 διορθώσεως
429 3604 565 3659 ferebant.
588 3637 621 3644 —
644 3603 720 3670 Quae
746 3609 892 3675 praeterea
919 3608 1150 3659 commemoratur
1179 3602 1273 3665 editio,
1302 3603 1386 3657 schol.

214 3689 265 3744 Od.
284 3692 300 3754 ξ
317 3693 374 3754 204,
393 3690 410 3759 ἡ
429 3686 463 3744 ἐκ
480 3690 631 3761 Μουσείου
649 3689 679 3743 in
695 3689 808 3758 Didymi
825 3690 912 3760 copiis
934 3706 1076 3745 recensere
1098 3706 1155 3743 non
1177 3704 1288 3757 possum
1305 3687 1343 3756 (h.
1363 3703 1386 3742 e.

213 3773 266 3827 hae
293 3774 401 3828 lacerae
423 3773 558 3842 reliquiae
579 3780 636 3829 non
657 3776 820 3845 testantur);
852 3792 918 3828 nam
944 3773 993 3827 illa
1019 3773 1165 3828 annotatio
1187 3771 1302 3840 Didymi
1330 3788 1387 3825 non

215 3861 269 3924 est,
287 3861 329 3912 111
345 3858 460 3913 fortasse
481 3857 632 3914 Aristonici
650 3858 694 3928 (cf.
714 3860 743 3912 Σ
759 3860 809 3926 39).
844 3857 885 3912 De
902 3857 984 3912 huius
1003 3856 1133 3911 editionis
1150 3855 1263 3911 nomine
1280 3854 1303 3909 si
1320 3853 1387 3909 licet

215 3941 405 3997 coniecturam
421 3943 520 4006 facere,
538 3943 651 3998 honoris
670 3959 766 3998 caussa
789 3941 873 4012 (sicut
890 3942 920 3995 in
936 3941 1048 4011 templis
1065 3957 1267 4008 nonnunquam
1281 3940 1387 3994 factum

215 4042 272 4082 esse
295 4028 463 4097 accepimus)
485 4027 696 4083 Homericorum
718 4026 873 4081 carminum
895 4025 1036 4094 exemplar
1062 4025 1091 4079 in
1114 4026 1256 4079 Musarum
1277 4023 1386 4087 sacello,

216 4112 290 4180 quod
309 4128 373 4166 cum
389 4112 484 4166 schola
501 4113 692 4167 Alexandrina
710 4110 889 4166 coniunctum
906 4111 973 4175 fuit,
996 4110 1130 4165 asservari
1151 4109 1264 4164 solitum
1283 4126 1340 4164 esse
1359 4111 1388 4163 et

215 4197 269 4250 hoc
288 4196 429 4266 exemplar
446 4196 596 4266 significari
614 4196 779 4266 putaverim.
803 4228 835 4235 —
859 4195 921 4250 Non
942 4213 1023 4250 ausus
1046 4212 1107 4248 sum
1135 4193 1233 4248 afferre
1257 4194 1386 4248 Chamae-

214 4279 344 4336 leontem.
380 4280 479 4349 Neque
497 4280 571 4336 enim
588 4299 639 4350 pro
658 4284 734 4336 certo
752 4281 817 4343 scio,
835 4278 907 4334 sitne
925 4297 958 4335 eo
975 4298 1039 4335 usus
1055 4278 1199 4348 Didymus,
1218 4295 1388 4347 quamquam

215 4363 254 4420 sic
271 4364 399 4420 videatur
416 4382 450 4420 ex
467 4366 500 4420 M
517 4371 574 4431 231,
592 4382 644 4420 neo
661 4367 770 4419 constat
786 4363 864 4428 mihi,
886 4367 998 4434 praeter
1013 4364 1117 4418 librum
1140 4363 1174 4418 de
1195 4363 1283 4418 Diade
1300 4361 1387 4418 fuerit
