3008 4980
234 304 292 371 194
414 293 461 355 ΠΙ.
483 298 524 355 De
545 291 700 381 Aristarchi
716 290 833 353 scientia
850 294 1027 369 antiquitatis
1044 296 1217 355 Homericae.

230 461 248 531 δ
275 459 381 543 τόπος
406 460 471 547 ἔχει
499 463 545 543 ὡς
570 457 718 551 τετρώρη)
747 460 871 547 ἅρματι
894 460 1070 550 χρωμένων
1096 469 1163 530 τῶν
1183 455 1319 552 ἡρώιον·
1347 462 1399 530 καί

229 571 290 657 γὰρ
309 569 398 657 λέγει
412 570 496 652 ,,τδν
511 565 543 637 δ’
561 563 689 659 ἐλατῆρ’
710 563 808 659 ἀφίει
823 564 1031 659 ἀκαχήμενον
1048 571 1200 638 ἳππωνίί.
1227 568 1400 653 Ιἐνδέχεται

230 677 266 746 δέ
281 674 348 746 δύω
363 673 546 765 συνωρίδας
564 675 621 744 ἐπὶ
635 676 692 744 τδν
714 671 827 763 ἀγιῦνα
847 680 1094 763 πεπορεῦσθαι,
1116 672 1164 767 μή
1186 703 1222 745 τι
1242 677 1323 762 περί
1341 677 1399 767 τὴν

228 783 342 874 ἑτέραν
358 783 503 875 γένηται,
527 780 688 873 εἰρῆσθαι
710 783 747 851 δὲ
765 784 849 865 ,,τδν
872 778 1002 873 ἐλατῆρ’
1026 778 1150 874 ἀφίει“
1171 786 1399 874 σολληπτικῶς

146 894 285 970 (197)τδν
312 891 470 980 ἑκατέρας
491 891 652 981 ἐλατῆρα,
683 886 729 971 ιδς
751 885 976 983 ,ἀμφίπολος
1002 885 1034 958 δ’
1058 886 1124 978 ἀρα
1146 889 1179 962 οἱ
1200 893 1301 983 κεδνὴ
1324 890 1398 962 ἑκό-

226 1008 327 1090 τερθε
351 999 525 1090 παρέστηέί
553 1004 588 1087 (α
611 1006 696 1086 335)·
726 995 763 1067 οῦ
793 995 856 1083 μία
882 996 939 1065 έπί
964 993 1162 1090 ἀμφοτέρων
1188 1007 1253 1067 τῶν
1278 1006 1395 1088 μερῶν,

227 1105 300 1177 ἀλλ’
317 1107 526 1193 ἑκατέρωθεν
538 1103 612 1192 μία.
650 1103 682 1173 οἳ
698 1105 735 1173 δὲ
756 1100 801 1185 ὦς
818 1106 1028 1186 Ποσειδῶνος
1048 1103 1120 1175 υίδν
1140 1105 1294 1196 τετρώρην
1317 1108 1398 1199 φασί

224 1223 389 1306 χρῆσθαι·
411 1218 531 1294 ίππιος
552 1209 655 1300 γάρὸ
677 1213 768 1292 θεός.
804 1215 940 1298 (Ultima
954 1208 986 1280 oi
1003 1213 1039 1281 δέ
1053 1217 1106 1283 vix
1119 1218 1300 1284 Aristonici
1314 1223 1396 1286 sunt.

225 1329 396 1394 Praeterea
417 1330 484 1391 not.
507 1325 595 1410 quod
615 1324 770 1409 Porphyr.
790 1323 831 1388 ad
856 1324 885 1387 Θ
908 1329 965 1391 185
993 1325 1031 1390 de
1060 1347 1154 1391 versu
1179 1320 1394 1410 τέσσαρες-

225 1430 440 1500 ῦπιύπτευται
468 1424 513 1508 ὥς
538 1423 656 1497 νόθονε
690 1431 850 1513 οσίσιιοιθ)
884 1429 1056 1496 Praeterea
1081 1432 1214 1498 nomina
1239 1454 1395 1518 equorum

226 1566 265 1610 ex
286 1541 357 1607 aliis
378 1539 458 1607 locis
481 1540 650 1623 desumpta
670 1541 755 1607 sunt.
798 1542 829 1600 T
846 1544 907 1605 400
928 1533 1043 1607 Ξάνθε
1063 1560 1099 1602 τε
1120 1535 1178 1602 καί
1197 1533 1317 1618 Βαλίε,
1339 1563 1394 1626 τη-

225 1646 365 1715 λέκλοτα
379 1642 476 1712 τέκνα
490 1640 683 1730 Ποδάργης·
704 1638 916 1730 σημειοῦνταί
928 1666 1014 1721 τινες
1028 1638 1081 1710 ὅτι
1102 1640 1258 1711 ἐντεῦθεν
1278 1641 1300 1734 ἡ
1325 1647 1394 1712 δια·

224 1753 322 1842 σκευὴ
344 1757 404 1820 τοῦ
424 1746 616 1837 τεθρίππου
636 1744 821 1836 πεποίηται
842 1742 986 1830 »Ξάνθε
1005 1774 1041 1816 τε
1062 1749 1119 1817 καί
1140 1749 1179 1817 σὺ
1202 1746 1392 1839 Πόδαργε“.

228 1867 261 1928 Ψ
280 1871 340 1932 295
362 1854 483 1948 Αἴθην
502 1859 563 1947 τὴν
581 1853 846 1946 Ἀγαμεμνονέην
863 1851 921 1924 τδν
942 1851 998 1926 ἑόν
1018 1881 1054 1923 τε
1074 1852 1272 1944 Πόδαργον·
1296 1857 1318 1948 ἡ
1342 1861 1393 1927 δι-

224 1970 295 2057 πλῇ
318 1966 371 2035 ότι
392 1965 545 2035 ἐντεῦθεν
566 1960 765 2053 παρηίδηται
792 1963 833 2030 τὰ
857 1959 1005 2049 ὀνόματα
1024 1969 1088 2031 τῶν
1100 1961 1260 2051 Ἕκτορος
1280 1967 1393 2033 ἵππων

227 2071 352 2142 Αἴθων
374 2072 431 2141 καί
451 2069 643 2159 Πόδαργος·
666 2066 703 2139 ού
727 2070 788 2157 γὰρ
811 2065 938 2158 εἶσάγει
956 2069 1106 2161 τετρώρῳ
1122 2070 1322 2161 χρωμένους.

305 2184 346 2251 II.
368 2188 407 2247 H
426 2189 483 2252 331
507 2205 577 2268 sqq.
598 2180 719 2248 Nestor
741 2182 781 2247 ad
802 2180 1081 2268 Agamemnonem

345 2292 393 2377 τῷ
414 2310 452 2356 σε
470 2285 529 2377 χρὴ
552 2281 700 2371 πόλεμον
719 2286 780 2371 μέν
802 2282 857 2372 ἀμ’
880 2281 940 2375 ἀοῖ
960 2292 1090 2354 παῦσαι
1107 2281 1261 2371 Ἀχαιῶν,

346 2391 441 2464 αῦτοί
463 2389 494 2462 δ’
519 2389 699 2483 ἀγρόμενοι
720 2391 926 2482 κυκλήσομεν
947 2392 1071 2463 ἐνθάδε
1091 2395 1227 2482 νεκροὺς

345 2502 442 2591 βουσί
460 2500 518 2571 καί
538 2495 745 2590 ἡμιόνοισιν·
768 2499 852 2589 ἀτὰρ
874 2498 1093 2588 κατακείομεν
1114 2497 1235 2583 αότοῦς

263 2621 324 2685 334
345 2611 469 2679 τυτθὸν
490 2605 627 2699 ἀποπρὸ
650 2613 741 2690 νεῦν,
766 2607 812 2690 δίς
833 2605 860 2677 κ’
885 2605 984 2679 ὀστέα
1005 2609 1121 2678 παισίν
1141 2607 1281 2691 ἕκαστος

263 2728 323 2791 335
347 2713 458 2788 οἴκαδ’
483 2713 556 2808 ἀγη,
580 2712 627 2787 ὅτ’
652 2711 693 2784 ἀν
715 2710 793 2785 αῦτε
813 2713 970 2803 νεοίμεθα
990 2713 1138 2806 πατρίδα
1159 2722 1268 2804 γαῖαν.

344 2822 467 2912 τύμβον
489 2821 522 2893 δ’
546 2821 634 2915 ἀμφὶ
656 2825 763 2914 πυρὴν
785 2822 843 2893 ἕνα
862 2821 1001 2910 χεύομεν
1021 2823 1235 2913 ἐξαγαγόντες

345 2930 480 3019 ἀκριτον
499 2932 536 3001 έκ
556 2929 691 3000 πεδίου·

222 3050 292 3113 334.
314 3050 374 3113 335
393 3037 594 3108 ἀθετοῦνται
609 3036 661 3107 ὅτι
684 3035 722 3108 οῦ
747 3039 804 3107 διδι
824 3045 922 3109 τοῦτο
943 3037 1106 3121 ἐκαίοντο,
1132 3038 1226 3121 ὅπως
1244 3041 1287 3108 τὰ
1310 3037 1389 3110 δοτᾶ

220 3145 437 3234 κομίσωνται,
466 3141 553 3214 ἀλλὰ
580 3147 755 3237 συνηθείᾳ·
784 3147 840 3214 καί
867 3147 928 3236 γὰρ
956 3144 989 3216 oi
1013 3146 1070 3216 ἐπί
1088 3153 1147 3237 τῆς
1168 3144 1260 3229 ίδίας
1281 3152 1388 3218 τελευ-

218 3260 337 3336 τῶντες
351 3253 512 3325 ἐκαίοντο.
548 3251 700 3322 καθόλου
717 3247 775 3321 σύν
791 3247 861 3322 οἶδε
875 3255 955 3344 πυρί
969 3254 1167 3341 καιομένους
1184 3256 1264 3336 τοῦς
1282 3252 1389 3325 πόλαι

220 3363 277 3431 καί
308 3361 455 3430 ἐνταῦθα
487 3361 685 3447 τιθεμένους
710 3360 797 3432 ὅπου
829 3362 885 3430 καί
917 3360 1138 3454 ἐτελεύτησαν.
1182 3361 1388 3433 ἐναντιοῦται

220 3473 325 3557 <quod
338 3474 434 3540 tacite
448 3473 586 3541 correxit
599 3495 657 3559 pro
680 3468 920 3560 ἐναντιοῦνται)
943 3470 1056 3539 δὲκαὶ
1076 3472 1117 3538 τὰ
1141 3468 1217 3560 ἑξῆς
1237 3469 1387 3560 »τύμβον

221 3572 251 3643 δ’
271 3572 360 3669 ἀμφί
374 3578 482 3668 πυρὴν
503 3574 638 3666 ἀκριτον
659 3576 696 3645 ἐκ
717 3576 873 3658 πεδίουῑέ,
898 3574 1148 3668 ἀδιαχώριστον,
1171 3574 1384 3662 ἀδιάστατον,

218 3683 366 3753 τουτέστι
379 3681 618 3773 πολυάνδριον·
640 3691 712 3766 πῶς
732 3679 789 3754 οῦν
810 3684 882 3768 ,μῦς
901 3681 930 3753 κ’
948 3680 1048 3756 ὀστέα
1070 3684 1188 3754 παισίν
1209 3683 1386 3768 έκαστος“,·

154 3814 202 3866 197
301 3796 374 3861 Huc
395 3797 571 3882 pertinent:

218 3903 250 3966 A
266 3910 324 3971 174
339 3899 396 3968 σέο
415 3897 446 3968 δ’
465 3898 565 3970 ὀστέα
582 3895 680 3969 πύσει
696 3895 823 3989 ἀροορα
841 3900 995 3988 κειμένου
1018 3901 1053 3971 ἐν
1077 3898 1197 3993 Τροίηε
1217 3896 1249 3991 (ἡ
1269 3903 1385 3992 διπλοῦ)

219 4003 271 4076 ότι
291 4011 357 4075 τῶν
384 4006 441 4076 δπί
470 4007 562 4098 ξένης
586 4004 809 4076 τελευτώντων
838 4004 898 4078 οῦκ
924 4004 1145 4096 ἀπεκομίζετο
1174 4009 1216 4076 τὰ
1238 4004 1321 4079 ὀστᾶ
1340 4006 1386 4090 εἷς

217 4113 277 4195 τάς
297 4111 471 4204 πατρίδας.
505 4111 565 4185 σῦκ
587 4110 652 4202 ἀρα
663 4111 812 4206 Ὅμηρον
834 4116 902 4186 ἐστί
922 4124 1026 4186 ταῦτα
1047 4115 1120 4200 ,μῦς
1139 4113 1168 4185 κ’
1185 4112 1285 4186 ὀστέα
1307 4142 1386 4184 παι-

217 4220 269 4290 σίν
290 4219 429 4304 ἕκαστος
451 4217 560 4291 οἴκαδ’
589 4217 666 4314 ἀγη,
689 4219 734 4291 ὅτ’
760 4219 800 4291 ἀν
826 4217 904 4293 αὖτε
925 4221 1117 4312 νειόμεθα“.
1152 4230 1182 4290 Σ
1199 4233 1260 4297 332
1283 4220 1385 4296 αὐτοῦ

135 4338 206 4411 (198)
219 4336 298 4418 γαῖα
320 4330 477 4414 καθέξειν
502 4326 535 4420 (ἡ
559 4331 677 4421 διπλῆ)
700 4329 755 4399 ὅτι
777 4328 836 4402 οῦκ
860 4328 1068 4419 ἀπεκόμιζον
1088 4333 1129 4401 τὰ
1152 4328 1234 4401 ὀστᾶ
1249 4338 1313 4401 τῶν
1333 4357 1385 4401 τε·
