3008 4980
267 361 291 413 4.
320 352 362 414 Da
379 352 575 427 grammaticis,
594 353 642 428 qui
661 353 830 414 inoratam!
845 357 874 414 ai
891 359 1005 415 λυτικοί
1020 357 1089 415 dicti
1105 359 1190 415 suna·
1245 368 1302 431 197

650 628 691 704 Ο.
719 631 784 706 IV.

230 778 279 843 De
296 781 521 865 ηνοοιοιοιῶίε,
543 782 603 864 qui
620 771 806 844 ίνστατικοί
825 792 855 844 ετ
875 772 1005 845 λυτικοί
1025 779 1107 845 δίαιτ’
1122 793 1203 847 sant.

218 943 396 1028 Postquam
424 945 486 1010 hoo
517 966 646 1029 quoquo
678 945 712 1010 in
740 967 858 1030 genere
885 944 1062 1010 Aristarchi
1087 945 1198 1010 laudes
1225 946 1302 1011 satis

137 1052 361 1138 cognovimus,
388 1055 540 1137 poterunt
565 1052 746 1137 fragmenta
773 1052 930 1136 quaedam
955 1052 1100 1131 tractari,
1131 1064 1212 1136 quaa
1240 1053 1302 1116 nisi

135 1162 222 1223 recia
238 1160 395 1244 acceperis
417 1159 567 1244 spectatis
588 1158 728 1224 hominis
749 1159 849 1224 sobrii
870 1159 1013 1225 consiliis
1034 1181 1147 1244 parum
1168 1181 1302 1243 respon·

137 1267 210 1332 dare
232 1267 407 1332 videantur.

221 1383 247 1442 1.
276 1373 427 1459 Apollon.
448 1373 509 1438 lex.
531 1373 661 1440 Homer.
684 1396 713 1458 p.
731 1378 790 1443 820
814 1366 935 1461 φαεινή
941 1396 952 1439 .·
973 1365 1112 1456 λαμπροί
1118 1395 1125 1412 ·
1148 1369 1182 1438 ἐν
1205 1368 1242 1438 δὲ
1262 1379 1302 1463 τῇ

140 1482 170 1545 Θ
190 1483 250 1568 τῆς
268 1473 412 1559 Ἰλιάδος
432 1484 518 1566 (555)

514 1584 654 1674 φαεινὴν
675 1580 764 1675 ἀμφὶ
785 1580 924 1675 σελήνην
1281 1655 1286 1665 ,

136 1688 296 1783 ἐζήτησαν
321 1700 395 1774 πῶς
419 1689 494 1762 τότε
519 1689 540 1783 ἡ
565 1689 684 1783 σελήνη
707 1688 845 1760 δόναται
866 1688 972 1783 φάναι
993 1696 1022 1778 (1.
1046 1693 1166 1783 φαεινὴ
1189 1685 1297 1780 εἶναι),
1312 1710 1383 1780 (201)

136 1799 190 1869 ὅτε
204 1801 246 1867 τὰ
261 1797 365 1889 ίίστρα
380 1800 517 1886 λαμπρὰ
533 1797 697 1892 φαίνεται.
730 1797 812 1868 ὅθεν
834 1795 1076 1886 όἈρίσταρχος
1095 1807 1193 1870 τοῦτο
1216 1799 1302 1870 λόων

136 1905 229 1998 φησί·
261 1908 402 1998 φαεινὴν
429 1904 467 1976 οὗ
489 1908 549 1998 τὴν
570 1906 653 1976 ποτὲ
673 1911 800 1997 (opinor
821 1905 908 1995 τότε)
930 1906 1100 1995 λαμπρόν,
1133 1903 1221 1978 ἀλλὰ
1242 1910 1302 2000 τὴν

136 2011 235 2106 φύσει
255 2012 424 2104 λαμπρόν·
447 2014 558 2101 ῶσπερ
580 2015 637 2083 καὶ
658 2013 716 2083 ἐπὶ
734 2021 794 2105 τῆς
815 2016 960 2104 ἐσθῆτος
979 2021 1039 2105 τῆς
1060 2012 1256 2098 Ναοσικόας

411 2124 510 2214 φέρεν
533 2119 564 2190 δ’
590 2121 720 2213 ἐσθῆτα
742 2120 883 2214 φαεινήν
905 2125 937 2209 (ζ
956 2129 1018 2210 74),

135 2222 176 2318 ἣν
202 2230 322 2299 διὰτὸ
350 2229 568 2320 ε’ῤῥοπῶσόαι
596 2227 643 2311 είς
668 2231 745 2312 τοὺς
772 2231 917 2311 πλυνοὺς
943 2216 1186 2317 παρακομίζειῆ
1214 2227 1302 2300 ἀλλὰ

136 2339 249 2427 δῆλον,
274 2336 383 2430 φησίν,
409 2336 461 2406 ότι
483 2341 554 2425 (ins.
568 2338 636 2425 καί)
652 2337 799 2406 ἐνταῦθα
814 2333 994 2407 ἀκουστέον
1015 2338 1075 2429 τὴν
1098 2334 1197 2430 φύσει
1219 2342 1302 2426 λαμ·
1401 2342 1404 2348 ’

135 2447 230 2533 πρδν.
268 2449 314 2516 cf.
337 2448 437 2515 schol.
457 2449 488 2513 h.
509 2448 530 2515 l.
553 2452 586 2516 ai
599 2444 627 2527 ’ζ
647 2454 694 2517 58.

217 2563 245 2624 2.
273 2555 378 2628 SchoL
399 2553 432 2627 Ξ
450 2562 510 2624 216
532 2550 739 2644 Πορφορίσο.
779 2553 837 2620 διὰ
858 2551 892 2620 τί
910 2553 950 2620 τὰ
974 2550 1114 2638 ἐρωτικὰ
1134 2551 1169 2620 ἐν
1190 2550 1301 2637 ίμοίντι

136 2660 235 2752 φησὶν
248 2659 396 2750 ζΌμηρος
416 2657 643 2748 κατεστίχθαι,
668 2655 766 2742 „i'vu'
791 2657 840 2728 ἔνι
860 2659 920 2744 μὲν
943 2656 1092 2752 φιλότης,
1116 2659 1150 2728 ἐν
1173 2656 1205 2727 δ’
1229 2664 1302 2746 ίμε-
1408 2697 1413 2706 ·

107 2767 109 2770 ’
135 2780 237 2855 ρος“,·
266 2765 414 2857 Σάτυρος
438 2766 500 2854 μὲν
521 2761 578 2836 οὖν
599 2769 716 2860 (φησίν
739 2761 797 2836 οὖν
818 2763 966 2856 Σάτυρος
986 2771 1046 2858 Β),
1071 2767 1146 2837 ἐπεὶ
1165 2770 1302 2858 πληγῶν

106 2888 110 2895 ’
135 2873 213 2960 ἷίξια
229 2878 350 2962 δρῶσιν
369 2873 402 2944 ολ
420 2874 566 2963 ἐρῶντες·
584 2871 712 2943 Ἀπίων
728 2874 776 2955 δέ,
800 2874 919 2964 ἐπειδὴ
943 2877 1077 2960 δεσμοῖς
1095 2873 1224 2944 ἐοίκασι
1245 2877 1302 2945 καί

134 2985 268 3073 βρόχοις
292 2981 325 3053 ολ
351 2980 468 3070 ἔρωτες
489 2984 545 3053 καί
565 2983 607 3050 τὰ
627 2988 693 3049 τῶν
714 2979 862 3069 ἐρώντων
883 2977 995 3073 πάδη·
1018 2978 1231 3072 Ἀρίσταρχος
1252 2983 1299 3072 δέ,
1318 3006 1367 3058 200
1412 3065 1414 3070 ¹

136 3090 188 3161 ὅτι
215 3086 290 3177 όίχρι
315 3097 375 3160 τοῦ
401 3090 564 3178 δέρματος
589 3093 765 3159 διϊκνεῖται
790 3090 832 3159 τὰ
854 3089 995 3178 ε’ρωτικὰ
1018 3091 1130 3181 πάθη,
1158 3088 1301 3184 τήκοντα

135 3204 194 3286 (sio
216 3203 302 3269 enim
322 3224 381 3288 pro
407 3197 558 3269 τίκτοντα
579 3206 665 3268 reate
685 3201 772 3269 Laid.
797 3201 847 3287 <ei
866 3201 911 3287 Β)
936 3204 969 3267 et
990 3201 1056 3269 soh.
1079 3204 1106 3267 θ
1127 3207 1199 3286 288)
1225 3200 1302 3280 τοὺς

135 3305 276 3395 ἐρῶντας
300 3307 357 3375 καί
379 3302 568 3389 ἀποξόοντα
591 3307 648 3375 διὰ
670 3312 729 3397 τῆς
750 3302 902 3398 στύψεως
915 3306 956 3372 τὰ
977 3304 1071 3395 μέλη.
1114 3309 1236 3376 Eadem
1253 3311 1301 3376 la·

135 3422 257 3503 guntur
278 3418 377 3486 schol.
401 3420 510 3488 ³288.
1098 3469 1100 3474 2

218 3531 246 3592 3.
282 3525 385 3591 Prool.
406 3526 446 3591 ad
466 3526 597 3593 Hesiod.
619 3525 679 3610 Op.
702 3531 740 3593 97
768 3519 812 3600 δίς
833 3524 906 3610 (leg.
927 3526 1012 3609 πῶς)
1035 3547 1148 3612 φησιν,
1175 3519 1302 3607 ἔμεινεν

135 3627 169 3696 ἐν
185 3634 233 3716 τῶ
246 3626 343 3718 πίθῳ
365 3625 385 3720 ἡ
405 3625 532 3709 Ἐλπίς·
555 3626 706 3716 ἔστιγὰρ
728 3634 829 3698 τοῦτο
849 3627 884 3695 ίν
906 3623 1113 3716 ἀνθρώποις.
1145 3635 1242 3700 τοῦτο
1266 3631 1303 3700 δὲ

134 3737 191 3804 καὶ
211 3734 369 3821 Κόμανος
395 3733 414 3806 ὃ
442 3732 670 3825 ἀρχιοινοχόος
694 3745 752 3806 τοῦ
777 3732 944 3822 βασιλέως
964 3730 1164 3824 προότεινεν.
1204 3739 1303 3829 φησίν

135 3837 194 3912 οδν
211 3840 437 3930 Ἀρίσταρχος,
462 3839 554 3934 ὅτιη
579 3842 639 3928 μὲν
659 3849 724 3910 τῶν
744 3849 855 3911 κακῶν
872 3839 1009 3928 ἔμεινεν,
1029 3841 1050 3933 ἡ
1076 3843 1113 3912 δὲ
1132 3851 1197 3912 τῶν
1219 3843 1302 3934 ἀγα-

134 3957 209 4019 θῶν
230 3951 385 4043 ἐξῆλθεν·
417 3949 500 4021 ὅθεν
522 3947 788 4038 ἇκορολοχοῦμεν
809 3948 958 4037 λέγοντες
979 3948 1126 4033 ἐλπίζειν
1147 3951 1257 4036 κακά,
1278 3952 1299 4043 η

134 4058 196 4146 γὰρ
220 4059 314 4140 ε’λπίς
334 4066 455 4140 κακῶν,
480 4055 518 4128 οὗ
541 4064 632 4126 θεῶν
654 4063 725 4146 (1ος.
746 4062 873 4128 videtur
895 4051 965 4126 οὐδ’
987 4055 1098 4150 ἐξῄει).

218 4179 246 4237 ι.
277 4171 350 4236 vn.
372 4172 455 4237 aaa
477 4174 496 4253 ς
520 4179 547 4238 5.

217 4278 395 4344 Adverteni
420 4278 500 4344 haas
521 4278 703 4361 fragmenta
726 4276 895 4353 lectorem,
928 4276 1015 4359 quod
1043 4277 1191 4343 videniur
1217 4279 1302 4343 inter

135 4386 338 4453 Aristarchea
359 4386 399 4451 ad
421 4385 501 4456 illud
523 4405 627 4470 genus
649 4386 864 4469 captiosarum
885 4383 1111 4466 quaestionum
1133 4384 1301 4469 periinere,
