3008 4980
584 336 606 387 1.
629 330 671 386 De
689 333 858 387 accentibus.
1242 337 1301 398 271

134 491 276 581 τριηενὲς
297 489 441 582 ὠξύνθη.
477 497 568 564 Eust.
589 506 656 579 713,
679 507 718 566 211
745 501 886 583 Τεῦκροι
907 494 966 583 γὰρ
989 491 1023 562 oi
1045 498 1156 577 Τρῶες
1176 487 1200 579 ἢ
1221 495 1254 576 (i.
1278 517 1302 560 e.

135 595 321 689 iiusiiioa)
348 597 488 687 Τευκροί
507 595 684 689 ὀξυτόνως,
709 600 755 683 ὡς
779 604 920 682 πολλοῖς
945 604 1038 669 δοκεῖ
1064 604 1129 666 τῶν
1150 599 1304 667 παλαιῶν

136 702 205 774 ἀπό
219 731 308 785 τινος
325 700 501 792 ὁμωνύμου
516 704 644 792 ἀνδρός.
673 713 785 798 Steph.
805 705 946 798 Τενκροί
959 704 1119 791 ὀξυτόνως
1134 704 1166 776 οἱ
1184 711 1303 795 Τρῶες.

135 816 241 885 schot
263 816 301 882 Il.
326 818 356 881 Θ
375 822 437 886 284
463 811 508 895 ὡς
530 809 587 882 οόν
616 811 686 885 ἀπὸ
698 871 701 877 ,
713 823 866 906 Τρωικῆς
891 817 1046 904 γυναικὸς
1065 813 1224 898 τεχθέντα
1244 815 1302 883 τὸν
1314 816 1385 886 (²⁸4)

135 924 244 992 παῖδα
261 926 406 1009 Τεῦκρον
427 919 589 992 ἐκάλεσαν
610 925 938 1017 προαναπέμψαντες
956 923 1014 993 τόν
1032 926 1129 992 τόνον
1149 923 1206 990 καί
1225 948 1303 991 ποι·

135 1026 273 1120 ήσαντες
294 1028 420 1118 κόριον·
453 1032 592 1117 Τευκροὶ
619 1032 680 1120 γὰρ
708 1029 741 1101 οὶ
766 1038 877 1121 Τρῶες
897 1027 967 1101 άπὸ
988 1037 1048 1100 τοῦ
1068 1027 1304 1118 βασιλεύοντος

135 1135 244 1206 αὐτῶν
269 1133 421 1224 Τεύκρου.
458 1140 551 1208 Euat.
578 1150 665 1224 1967,
687 1147 728 1212 34
748 1140 805 1209 καί
829 1145 971 1225 Τεῦκρος
995 1138 1056 1225 μὲν
1077 1138 1199 1227 κύριον,
1224 1147 1305 1206 Τευ-

136 1246 215 1332 κρός
229 1244 265 1313 δὲ
280 1242 426 1314 δθνικόν.
447 1248 530 1316 Item
543 1251 661 1316 Herod.
676 1251 789 1318 Aread.
804 1274 835 1336 p.
845 1257 892 1318 74.
915 1251 971 1333 (Et
987 1253 1015 1314 Γ
1012 1243 1130 1333 ραικός
1143 1274 1173 1336 p.
1188 1253 1249 1331 50.)
1264 1287 1305 1297 -

136 1357 307 1423 Praeterea
326 1350 462 1434 Δαναός
484 1359 613 1442 quidem
634 1342 738 1424 dietus
760 1381 799 1424 ex
819 1359 939 1444 regula,
961 1360 1079 1425 sed'-
1098 1350 1225 1444 Δανάη.

218 1464 388 1550 Pergimus
413 1464 489 1530 hine
524 1466 565 1531 ad
594 1466 628 1530 id
654 1468 742 1550 quod
769 1468 951 1551 proximum
976 1470 1034 1532 est.
1085 1465 1213 1533 Scilicet
1239 1487 1305 1530 non

137 1573 320 1638 conditores
345 1575 472 1638 tentum
502 1573 544 1638 ab
570 1573 704 1640 urbibus
734 1575 891 1658 terrisque
924 1573 1055 1638 nomina
1079 1573 1214 1650 habent3
1250 1573 1307 1638 sed

137 1683 266 1746 constat
286 1680 372 1745 haud
393 1701 466 1745 raro
482 1679 620 1747 Graecos
641 1682 749 1776 pueris
771 1681 929 1746 eiusmodi
949 1680 1082 1746 nomina
1101 1680 1305 1764 imposuisse:

138 1792 270 1872 propter
295 1786 397 1852 varias
419 1809 540 1854 causas.
582 1787 691 1855 Schol.
712 1789 843 1856 Aristid.
871 1796 946 1866 515,
966 1795 1007 1856 24
1032 1781 1124 1865 υίοδς
1151 1783 1188 1851 δὲ
1216 1781 1306 1870 ἔσχεν

137 1891 175 1974 ἕξ
201 1894 356 1977 (Cimon),
388 1882 433 1959 ab
462 1894 542 1972 τοὺς
564 1892 625 1977 μὲν
652 1897 740 1980 τρεῖς
769 1887 838 1962 άπὸ
872 1892 979 1961 ἐθνῶν
1007 1883 1053 1960 τόν
1086 1889 1306 1981 προύξένησεν

136 1995 291 2085 ὠνόμασε
310 1998 603 2087 Λακεδαιμόνιον,
628 1995 776 2087 Ἠλεῖον,
802 1998 967 2069 Θετταλόν
976 2004 1030 2070 ¹⁸⁴.
1072 2003 1117 2070 cf.
1139 2003 1257 2070 Athen.
1277 2002 1307 2067 X

140 2108 217 2180 stef
232 2110 271 2175 de
286 2110 448 2177 Antiocho
470 2132 604 2196 magno:
626 2107 783 2195 ἐρασθείς
796 2106 972 2197 παρθένου
989 2108 1200 2196 Χαλκιδικῆς
1213 2147 1255 2161 -
1267 2147 1308 2158 -

137 2217 194 2284 καί
219 2217 294 2296 τοὺς
315 2213 442 2303 γάμους
463 2218 622 2283 συντελῶν
644 2215 679 2284 ἐν
699 2221 740 2308 τῇ
759 2214 911 2285 Χαλκίδι
931 2211 1057 2285 αύτόθτ
1079 2213 1231 2308 διέτριψε
1250 2213 1308 2283 τὸν

136 2330 329 2411 χειμῶνα..
346 2375 355 2391 .
372 2319 472 2393 ἔθετο
495 2322 531 2390 δὲ
552 2324 609 2391 καὶ
629 2328 669 2416 τῇ
687 2324 787 2392 παιδί
806 2319 913 2409 όνομα
934 2317 1090 2410 Εύβοιαν.
1124 2324 1221 2392 Nune
1242 2325 1308 2411 pri·

138 2459 227 2502 mum
248 2435 288 2501 de
309 2435 350 2500 iis
371 2435 566 2520 quaerimus,
593 2457 675 2520 quae
697 2436 827 2502 ethnica
847 2440 935 2514 sunt,
956 2434 1103 2500 valeatne
1124 2434 1235 2498 eadem
1256 2433 1307 2503 lex

140 2565 223 2628 quae
250 2544 285 2607 in
315 2543 519 2607 conditorum
551 2544 737 2609 nominibus
765 2544 899 2610 valebat.
946 2542 1092 2608 Eandem
1117 2542 1221 2607 valere
1248 2563 1308 2606 uec

140 2673 258 2717 nomen
285 2651 450 2735 proprium
479 2674 498 2715 a
526 2650 641 2736 gentili
664 2651 789 2717 differre
816 2652 991 2736 respondet
1009 2649 1101 2714 Eust.
1123 2672 1153 2732 p.
1176 2654 1245 2726 325,
1268 2656 1306 2714 41

140 2759 181 2823 ad
206 2761 236 2821 Β
262 2765 322 2826 701
350 2759 407 2822 τὸν
438 2751 471 2822 δ’
501 2753 614 2830 ἔκτανε
638 2754 816 2844 Δάρδανος
842 2751 943 2844 άνηρε
975 2750 998 2843 ἢ
1026 2759 1105 2840 γοῦν
1130 2751 1309 2837 Δάρδανον

142 2859 262 2950 ἄνδρα,
286 2859 331 2942 ὡς
352 2861 489 2953 ἐρρέθη,
522 2860 637 2952 νοήσει
656 2889 708 2943 τις
727 2858 889 2950 ἀορίστως
909 2862 994 2930 κατὰ
1016 2860 1154 2931 ἐθνικδν
1176 2852 1266 2941 εἶδος
1285 2853 1310 2948 ἢ

141 2965 345 3057 ὀνοματικῶς
363 2969 512 3038 τουτέστι
536 2973 620 3038 κατὰ
641 2966 756 3058 κύριον
777 2967 885 3056 όνομα
907 2967 1082 3057 ὁμώνυμον
1101 2975 1149 3056 τῷ
1170 2967 1307 3056 ἐθντκῷ,
1325 2978 1374 3028 275

140 3074 252 3163 ὥσπερ
266 3073 468 3161 καίἍχαιδς
486 3079 570 3146 κατὰ
589 3078 649 3148 τὸν
669 3073 770 3147 αότδν
783 3075 981 3170 Πορφύριον
1001 3074 1188 3168 τραγῳδίας
1207 3101 1309 3166 ποιη-

140 3186 200 3276 τὴς
215 3181 395 3274 Ἐρετριεὺς
414 3181 591 3272 ὁμώνυμος
610 3191 658 3274 τῷ
679 3185 817 3276 ἒθνικῷ,
840 3187 897 3255 καί
910 3185 1024 3274 Λίβυς
1045 3183 1171 3271 ὁμοίως
1192 3181 1210 3252 ό
1232 3191 1308 3253 Λυ-

140 3288 283 3380 σάνδρου
308 3287 471 3384 ἀδελφός,
500 3296 557 3363 καί
582 3291 714 3374 Ἐπειὸς
743 3291 761 3362 ὁ
787 3294 910 3363 τίκτων
936 3300 995 3364 τοῦ
1021 3288 1174 3383 δουρείου
1200 3296 1308 3362 ἵππον

142 3400 225 3469 κατὰ
245 3397 444 3486 ,ὁμωνυμίαν
463 3397 597 3471 Ἐπειοῦ
620 3408 679 3471 τοῦ
700 3402 841 3471 ἐθνικοί
847 3452 855 3484 ,
887 3405 943 3472 καί
968 3401 1102 3492 Σκύθης
1128 3397 1309 3490 όἈκαδη-

142 3509 264 3594 μαϊκδς
292 3509 401 3600 σοφὸς
429 3511 514 3578 κατὰ
547 3511 660 3600 φωνὴν
689 3507 844 3600 ίθνικήν,
875 3511 933 3579 καί
964 3508 1088 3579 Μαίων
1120 3505 1311 3598 Αἱμονίδης

142 3612 324 3702 ὁμωνύμως
344 3614 544 3706 (ὁμωνυμῶν
565 3622 631 3708 ed.)
651 3624 698 3706 τῷ
712 3620 856 3708 Λυδικῷ
877 3618 1004 3708 ἐθνικῷ
1024 3619 1167 3688 Μαίονι.
1208 3615 1311 3696 οὕτως

144 3717 199 3792 σύν
212 3724 270 3792 καί
283 3723 460 3812 Δάρδανος
474 3722 525 3816 ε’ίη
540 3721 581 3794 ὃν
601 3722 726 3812 κύριον,
750 3719 788 3806 ίίς
805 3722 914 3794 ἀνεῖλε
928 3722 1174 3815 Πρωτεσίλαον,
1198 3721 1309 3810 ὥσπερ

143 3827 255 3920 κύριον
283 3833 340 3901 καί
362 3831 380 3901 ὃ
402 3830 592 3920 Δάρδανος,
623 3827 662 3903 όν
690 3831 801 3902 άνελεῖ
825 3831 843 3901 ὁ
863 3830 1047 3917 Ἀχιλλεύς,
1071 3826 1108 3913 ὃς
1128 3833 1185 3900 καί
1211 3837 1309 3919 Τρῶα
1321 3841 1391 3912 (185)

144 3938 251 4029 ῥίπτει
272 3967 339 4010 που
357 3937 595 4032 Ἀλαστορίδην
617 3937 792 4028 ὁμώνυμον
812 3946 859 4030 τῷ
881 3940 1009 4030 δθνικηῖ
1033 3937 1132 4029 Τρωί.

224 4050 318 4121 'Pelia
339 4058 414 4119 sunt
437 4046 595 4134 Βοιωτός,
613 4055 647 4118 in
674 4076 769 4138 quem
791 4058 866 4119 sunt
887 4053 1116 4119 Demosthenis
1139 4053 1310 4131 orationes

147 4206 353 4219 ..ιη-

209 4311 247 4351 ¹⁸⁴
268 4308 355 4364 Paulo
378 4309 459 4364 aliter
481 4307 515 4363 de
532 4306 738 4363 Lacedaemone
761 4307 811 4380 (sie
833 4306 873 4362 ibi
891 4306 1003 4376 dieitur)
1026 4325 1053 4377 p,
1072 4311 1133 4369 518,
1152 4310 1196 4366 20.
1219 4319 1310 4370 neque

147 4399 239 4456 tamen
256 4397 298 4454 ita
314 4399 347 4453 ut
363 4397 510 4466 repugnet.
