3008 4980
203 278 243 340 72
285 273 319 327 Π.
345 270 387 327 De
405 268 582 327 Aristarchea
599 267 798 325 vocabulorum
814 266 1024 322 Homericorum
1041 265 1286 338 interpretatione.

202 441 321 508 starchi
337 440 518 507 observatio
534 443 793 526 oppugnatorem
806 442 901 503 nacta
915 441 966 502 est
974 435 1217 516 Buttmannum‚
1231 432 1371 505 (irarum.

202 549 256 615 Gr.
274 546 307 613 11
327 571 359 632 p.
374 554 434 616 285
456 548 533 634 <362
555 549 602 612 ed
617 545 675 631 Π>.
711 546 887 613 Confirmat
908 545 995 612 enim
1015 543 1171 628 quosdam
1192 565 1264 611 esse
1282 544 1372 610 locos

201 654 405 739 Homericos,
432 655 550 740 quibus
576 655 690 720 localis
714 653 890 740 particulae
916 651 1108 738 significatio
1131 650 1297 735 explorata
1317 653 1372 717 sit:

136 752 231 824 (85)Σ
243 767 303 830 392
324 755 467 846 πρόμολ’
484 749 560 842 ὦδε,
582 785 604 826 α
622 768 680 831 182
702 764 757 826 νῦν
779 753 808 825 d'
824 747 890 825 ὦδε
911 756 967 839 ξὺν
988 757 1043 845 νηῒ
1058 754 1257 847 κατήλυθον,
1278 766 1373 841 ρ544

200 866 258 934 τὸν
285 870 388 949 ξεῖνον
409 864 557 935 ἐναντίον
583 856 650 934 ὦδε
675 864 853 947 κάλεσσον,
887 871 921 933 et
946 868 1082 933 sirecte
1103 867 1253 933 aestimes
1275 867 1372 932 etiam

202 977 245 1040 M
263 981 324 1045 346
350 964 416 1042 ὦδε
441 973 503 1061 γὰρ
529 970 665 1062 ἔβρισαν
686 969 819 1041 Δαναοί
843 976 923 1061 (leg.
945 969 1085 1039 Λυκίων
1110 966 1203 1058 ἀγοί)
1230 978 1264 1040 et
1290 977 1373 1057 βλὸ

201 1090 256 1148 νῦν
278 1080 315 1149 δὲ
336 1077 388 1160 τίς
407 1071 466 1148 ὧδ’
489 1076 616 1169 ἤγειρας
644 1084 709 1152 Sed
728 1084 781 1150 his
801 1084 916 1162 missis,
938 1105 1019 1168 quae
1040 1087 1110 1148 tum
1132 1081 1261 1146 demum
1280 1086 1374 1167 pote·

201 1196 279 1257 runt
303 1196 390 1257 recte
415 1192 577 1257 aestimari
600 1193 657 1258 ubi
686 1215 768 1277 quae
790 1192 955 1276 explorata
976 1191 1124 1256 dicuntur
1143 1189 1374 1274 pertentaveri-

202 1322 284 1376 mus,
307 1303 372 1365 tres
393 1298 474 1364 istos
495 1299 584 1364 locos
606 1299 817 1384 speculemur.
863 1299 926 1364 Hic
951 1299 1090 1383 primum
1117 1297 1220 1362 dicam
1247 1296 1375 1363 etiamsi

204 1431 242 1473 ex
257 1411 387 1473 centurn
402 1410 435 1472 et
449 1407 567 1493 viginti
583 1407 708 1473 duobus
726 1407 806 1473 locis
828 1408 891 1490 (tot
911 1405 1050 1472 Seberus
1072 1405 1288 1486 enumerata)
1308 1407 1375 1468 tres

204 1519 326 1593 essent,
356 1515 474 1599 quibus
494 1514 607 1579 localis
629 1515 823 1601 significatio
849 1515 940 1579 firme
960 1514 1155 1592 inhaereret,
1176 1516 1285 1578 tamen
1305 1512 1375 1596 ple·

204 1625 312 1707 risque
329 1622 508 1686 Aristarchi
523 1622 780 1688 observationem
794 1623 995 1707 probabilem
1009 1620 1149 1686 visuram
1163 1623 1196 1684 et
1211 1619 1248 1685 de
1271 1620 1376 1685 trihus

203 1730 283 1795 locis
298 1729 486 1794 mirabiliter
503 1730 537 1792 iu
552 1728 712 1794 diversum
732 1730 966 1795 declinantibus
988 1728 1214 1813 quaerendum.
1248 1727 1376 1792 Deinde

205 1838 232 1902 si
246 1836 452 1901 Aristarchus
470 1835 665 1900 contrarium
686 1837 770 1901 tueri
788 1838 942 1902 voluisset
962 1837 1049 1901 haud
1069 1835 1165 1920 paulo
1188 1833 1377 1920 diligentms

205 1943 339 2030 negotio
365 1947 514 2028 suscepto
542 1944 746 2029 provisurum
774 1945 873 2009 fuisse
901 1966 997 2028 quam
1022 1943 1110 2022 illos,
1139 1941 1196 2026 qui
1217 1962 1291 2006 cum
1311 1942 1376 2006 isto

205 2051 416 2116 subtilissimo
433 2055 465 2115 et
479 2051 608 2116 assiduo
622 2053 826 2117 observatore
839 2073 1071 2135 nonnunquam
1080 2049 1172 2134 quasi
1187 2071 1260 2114 cum
1274 2070 1376 2133 puero

205 2162 350 2246 egerunt,
373 2181 468 2242 quem
484 2160 598 2224 docere
612 2159 664 2224 vel
679 2160 834 2225 dedocere
852 2159 947 2223 ludus
968 2157 1020 2223 sit.
1054 2156 1170 2242 Neque
1192 2157 1279 2221 enim
1300 2156 1378 2221 talia

205 2266 414 2353 neglexisset,
442 2266 552 2350 qualia
574 2270 650 2330 sunt
676 2268 703 2329 0
726 2272 785 2334 513
806 2267 857 2331 vel
877 2269 912 2328 K
930 2273 970 2333 91
991 2265 1044 2331 vel
1065 2265 1096 2328 Ω
1119 2270 1187 2332 780.
1227 2263 1377 2348 Denique

203 2372 287 2438 hanc
313 2395 381 2438 esse
409 2373 487 2439 boni
514 2377 547 2439 et
577 2373 706 2439 subtilis
731 2374 915 2458 interpretis
946 2374 1096 2438 virtutem
1126 2394 1193 2437 non
1223 2372 1377 2455 speciosis

205 2481 397 2565 quibusdum
422 2481 503 2545 locis
528 2480 611 2558 falli,
639 2482 697 2546 sed
720 2481 772 2545 his
793 2481 872 2565 ipsis
898 2481 991 2545 firma
1015 2479 1290 2564 interpretationis
1311 2477 1377 2542 ful·

204 2589 342 2653 cimenta
356 2610 395 2653 ex
409 2588 580 2653 manifesto
603 2588 768 2672 scriptoris
790 2611 850 2652 usu
867 2611 1029 2672 quaerere.
1066 2588 1151 2666 Quid
1169 2588 1265 2670 putas
1279 2584 1377 2651 Butt-

203 2717 357 2761 mannum
379 2696 537 2762 dicturum
557 2695 666 2776 finisse,
687 2697 715 2760 si
735 2704 836 2780 ρ.447
857 2719 916 2782 pro

578 2796 676 2891 στῆθ’
699 2798 803 2881 οὕτως
824 2799 859 2881 ἐς
878 2797 1001 2886 μέσσον

202 2912 318 2991 poetae
340 2932 454 2975 canere
480 2911 630 2976 libuisset
655 2913 711 2974 νῦν
733 2904 830 2998 στῆθ’
854 2899 913 2975 οἷδ’
937 2907 971 2988 ἒς
995 2905 1139 2993 μὲσοονῗ
1170 2909 1300 2975 Scilicet
1322 2931 1378 2974 ex-

203 3013 363 3099 ploratum
387 3040 456 3082 esse
481 3015 637 3084 hocloco
659 3020 848 3103 particulam
870 3006 937 3083 ὧδε
958 3019 1138 3106 significare
1159 3055 1201 3065 —
1221 3019 1378 3094 τοπικῶς.

156 3137 187 3188 72
206 3120 257 3185 Tu
290 3126 322 3187 et
351 3123 439 3188 huuc
467 3123 575 3188 locum
607 3125 823 3191 animadverte
849 3130 882 3192 et
911 3129 1013 3205 §218
1040 3117 1248 3213 ἀμφίπολοι,
1279 3124 1369 3212 στῆθ

206 3224 290 3293 οὕτω
313 3221 516 3312 ἀπόπροθεν
537 3234 570 3296 et
593 3235 624 3293 (Ζ)
648 3237 706 3299 184
727 3224 806 3297 ueic'
836 3228 940 3309 οὕτως
962 3237 995 3299 et
1015 3258 1035 3319 η
1057 3239 1097 3302 30
1125 3225 1198 3297 ἀλλ’
1221 3224 1280 3295 ἴθι
1300 3233 1380 3321 σιμῇ

204 3337 348 3414 cotona,
378 3341 410 3402 ct
435 3337 599 3425 intelliges
622 3340 737 3423 qualis,
766 3363 863 3425 quam
883 3340 1036 3426 frequens
1057 3346 1089 3407 et
1109 3341 1243 3426 pulcher
1263 3340 1379 3405 harum

204 3444 434 3527 particularum
448 3468 525 3510 usus
541 3468 613 3511 cum
628 3447 826 3531 imperativis
848 3447 890 3511 sit
911 3451 943 3512 et
963 3472 1060 3533 quam
1080 3449 1195 3514 acriter
1216 3448 1379 3533 castigan-

140 3562 195 3634 (86)
209 3551 268 3615 dus
285 3554 371 3616 esset
381 3552 595 3633 Aristarchus,
610 3555 673 3619 nisi
688 3577 727 3619 ex
743 3554 794 3619 his
808 3554 998 3619 facillimum
1012 3557 1184 3622 transitum
1195 3555 1377 3633 invenisset,

205 3661 243 3722 ut
262 3661 349 3722 recte
377 3658 573 3746 intelligeret
596 3661 690 3726 haec:
717 3655 888 3746 Ἥφαιστε
914 3656 1056 3745 πρόμολ’
1086 3651 1151 3727 ὦδε
1178 3664 1279 3748 (quod
1305 3685 1378 3727 cum

205 3755 313 3839 αὕτως
348 3786 536 3850 comparans
573 3790 645 3832 oum
677 3768 838 3833 veteribus
872 3769 1010 3852 explicat
1038 3771 1242 3836 Hermannus
1276 3769 1335 3854 Op.
1363 3768 1380 3834 Ι

206 3981 307 4036 Zenod.
325 3996 383 4034 uon
400 3979 509 4050 scripsit
525 3983 575 4037 καὶ
591 3986 672 4040 κεῖθι
694 3956 743 4038 sed
764 3973 884 4038 κάκεῖσε
901 3983 968 4052 (sch.
986 3987 1059 4057 348);
1090 3987 1166 4056 quod
1183 3985 1276 4056 ipsum
1293 3985 1378 4056 impe·

206 4065 303 4130 uitam,
326 4081 398 4134 quae
422 4066 493 4121 haec
509 4066 623 4136 polluit,
641 4085 755 4122 manum
772 4067 880 4137 prodit:
904 4066 1005 4123 deinde
1030 4071 1106 4139 quod
1122 4071 1293 4127 Aristonicus
1310 4069 1379 4126 dicit

207 4169 263 4207 non
279 4148 405 4218 sequitur
423 4166 457 4204 ex
474 4168 499 4204 v.
519 4154 576 4217 348,
594 4153 643 4208 sed
660 4169 695 4206 ex
714 4157 772 4207 359.

275 4235 301 4277 4⁵
317 4233 379 4289 Uno
397 4252 453 4304 quo
470 4253 545 4290 nunc
563 4237 606 4291 est
624 4225 673 4291 ὧδ’
692 4235 846 4291 Aristarchi
862 4235 947 4292 lectio
965 4239 1006 4292 est
1026 4227 1085 4305 ὦκ’,
1104 4242 1120 4309 ζ
1138 4243 1197 4296 289.

274 4322 299 4363 ¹⁰
315 4317 443 4390 Apollou.
456 4319 509 4377 Iu.
522 4320 536 4377 I
549 4325 614 4378 1290
626 4309 670 4393 ἔμ’
683 4315 778 4384 αὕτως
792 4314 920 4393 εὔκηλος.
940 4321 968 4377 Π
979 4327 1028 4378 617
1041 4324 1143 4393 μηκέτι
1161 4325 1269 4380 δείδιθι
1286 4329 1379 4380 τοῖον.
