3008 4980
202 340 242 403 48
288 333 324 390 Π.
353 331 394 387 De
412 330 589 387 Aristarchea
605 330 806 386 vocabulorum
823 329 1032 387 Homericorum
1048 330 1290 402 interpretatione.

200 502 306 567 ferant
327 501 367 565 ad
387 499 573 575 Homerum,
593 499 627 564 id
649 499 676 564 si
698 499 826 584 quando
847 498 882 563 in
896 499 1084 566 Aristarcho
1101 501 1274 566 offenditur
1295 522 1374 566 con·

201 609 292 673 tinuo
307 608 510 672 mirationem
524 607 610 670 facit.
644 605 728 672 Istos
743 607 894 672 nimirum
909 608 1066 691 scopulos,
1088 629 1152 691 quo
1168 607 1262 673 facile
1286 609 1375 674 docti

201 715 386 800 copiosique
400 714 548 779 homines
563 714 655 797 quasi
670 713 819 780 Sirenum
833 714 972 780 carmine
987 715 1167 793 trahuntur,
1190 737 1256 781 non
1275 716 1374 781 decli·

201 847 294 888 nasse
321 824 377 889 sed
402 823 538 907 fugisse,
569 844 606 887 aa
632 844 756 887 summa
784 843 820 886 ac
841 823 971 906 propria
991 823 1170 888 Aristarchi
1191 823 1294 889 virtus
1315 828 1374 888 est.

200 929 325 995 Ponam
348 952 387 996 ex
407 930 471 994 hoc
492 951 610 1016 genere
632 929 822 1013 exemplum.
859 926 877 1001 ζ
896 935 970 998 201:

284 1030 345 1101 οὐκ
367 1031 447 1102 ἔσθ’
472 1024 566 1114 οὗτος
588 1029 671 1124 ἀνὴρ
693 1035 802 1120 διερὸς
821 1028 950 1120 βροτός,
973 1030 1050 1102 οὐδέ
1070 1031 1211 1124 γένηται,

283 1140 323 1221 δς
344 1168 400 1210 κεν
428 1139 588 1231 Φαιήκων
610 1137 744 1228 ἀνδρῶν
766 1139 800 1220 ἒς
820 1145 918 1227 γαῖαν
937 1142 1058 1230 ἵκηται.

135 1252 251 1330 (57)Ibi
280 1253 402 1339 legitur
429 1253 463 1318 in
485 1253 630 1320 scholiis:
663 1242 786 1336 dtrodg:
818 1247 922 1329 οὕτως
941 1248 998 1317 τὸν
1021 1249 1125 1331 ζῶντα
1144 1245 1373 1336 Ἀρίσταρχος·

200 1358 219 1424 ὁ
242 1355 279 1424 δέ
304 1355 550 1445 Καλλίστρατος
569 1355 690 1450 γράφει
709 1354 823 1446 δυερός
844 1354 862 1427 ὃ
886 1353 1064 1442 ἐπίπονος,
1084 1358 1178 1444 παρὰ
1199 1358 1258 1449 τὴν
1279 1353 1371 1447 δόην,

198 1461 273 1557 ἤτοι
293 1465 577 1556 κακοπαθητικός.

281 1576 353 1642 Ηοα
374 1577 446 1644 loco
476 1579 503 1643 si
524 1579 729 1644 Aristarchus
757 1569 867 1663 διερός
888 1577 1040 1663 explicuit
1068 1573 1146 1656 ζῶν,
1172 1577 1275 1642 altero
1298 1575 1372 1641 loco

199 1683 381 1764 Homerico,
402 1685 567 1770 quoidam
588 1685 701 1750 moidit
721 1685 920 1765 vocabulum,
942 1709 955 1749 ι
976 1691 1016 1753 43
1039 1676 1113 1749 ένθ>
1133 1676 1211 1770 ἤτοι
1225 1678 1286 1765 μέν
1308 1679 1372 1767 ἐγὼ

200 1789 299 1875 διερῷ
314 1788 396 1856 ποδὶ
418 1788 578 1879 φευγέμεν
599 1785 705 1880 ἡμέας
725 1784 862 1880 ἠνώγεα,
885 1814 957 1857 eum
979 1814 1108 1858 sensum
1128 1792 1213 1858 vocis
1236 1787 1291 1879 ζῆν
1313 1793 1372 1858 ad·

77 1953 78 1956 ,
198 1899 342 1965 hibnisse
369 1900 547 1965 censendus
569 1900 642 1979 erit,
672 1901 710 1964 de
733 1921 797 1985 quo
820 1900 990 1984 exponitur
1016 1899 1056 1964 ab
1077 1899 1308 1984 interpretibus
1330 1900 1372 1964 ad

200 2006 299 2090 Soph.
324 2007 403 2073 Oed.
425 2007 462 2072 Τ.
485 2016 533 2075 45.
575 2007 663 2086 Quae
691 2008 858 2073 translatio
884 2030 956 2072 cum
983 2007 1107 2093 tragico
1135 2007 1294 2072 cothu'rno
1317 2028 1370 2071 ac-

200 2115 402 2180 commodata
417 2116 467 2195 sit,
489 2115 529 2180 ab
544 2115 716 2182 Homerica
731 2116 936 2201 simplicitate
951 2114 1065 2192 aliena,
1086 2118 1156 2178 tum
1170 2113 1253 2179 illud
1267 2114 1370 2180 offen-

200 2223 299 2287 sionis
320 2223 460 2307 plenum‚
482 2222 569 2307 quod
592 2214 709 2304 διερός,
732 2227 770 2287 ut
790 2223 841 2287 vel
862 2223 969 2307 pueris
989 2225 1119 2301 notum,
1142 2244 1208 2287 non
1228 2222 1372 2287 vividum

200 2329 367 2413 significat
389 2331 446 2396 sed
466 2330 575 2394 udum.
613 2329 815 2414 Quamquam
836 2331 944 2396 nescio
965 2329 1127 2414 quomodo
1150 2330 1313 2409 acciderit,
1334 2333 1372 2394 ut

199 2437 270 2515 hoc,
293 2437 380 2520 quod
395 2437 581 2502 offensionis
596 2437 729 2522 plenum
750 2459 819 2502 esse
842 2438 915 2515 dixi,
938 2441 970 2501 et
983 2441 1183 2502 vetustorum
1205 2440 1238 2501 et
1258 2457 1370 2501 recen-

200 2543 319 2607 tiorum
340 2543 487 2627 plurimis
508 2550 672 2628 promtum
698 2549 730 2609 et
751 2544 936 2628 expeditum
956 2544 1126 2610 videretur.
1160 2541 1248 2608 Num
1271 2565 1370 2628 nega-

199 2650 299 2734 bitur,
326 2651 414 2735 ipsos
440 2651 529 2716 vivos
552 2675 681 2717 succum
707 2656 740 2716 et
761 2652 952 2736 sangninem
972 2651 1112 2716 habere?
1140 2650 1247 2717 Schol.
1270 2649 1288 2728 ζ
1308 2657 1368 2719 201

200 2750 261 2821 οὐκ
275 2751 348 2822 ἔσθ’
362 2746 458 2835 οὗτος
472 2751 556 2843 ἀνὴρ
573 2756 684 2843 διερὸς
697 2753 831 2841 βροτός·
847 2756 910 2838 ζῶν
926 2754 1116 2844 ἐρρωμένως
1128 2755 1186 2822 καὶ
1200 2751 1371 2839 ἰκμάδος

198 2860 354 2944 μετέχων·
375 2864 431 2954 τὴν
451 2863 594 2951 μὲνγὰρ
617 2863 702 2956 ζωὴν
722 2861 860 2954 ὑγρότης
879 2863 936 2932 καί
956 2860 1126 2950 θερμασία
1147 2860 1288 2945 συνέχει,
1312 2863 1371 2933 τὸν

200 2967 237 3035 δέ
258 2967 409 3039 θάνατον
429 2969 596 3062 ψυχρότης
616 2971 673 3050 καί
694 2971 849 3060 ξηρασία·
878 2971 962 3039 ὅθεν
989 2971 1046 3039 καὶ
1067 2967 1245 3056 ἀλίβαντας
1266 2967 1299 3039 οἳ
1320 2996 1371 3038 νε-

199 3076 275 3164 κροὶ
296 3076 437 3163 λιβάδος
464 3080 510 3170 μὴ
535 3078 734 3164 μετέχοντες.
784 3083 873 3162 Quae
895 3085 1033 3149 suntab
1054 3082 1241 3160 EustathiO,
1273 3104 1371 3165 quem

198 3210 257 3272 pro
287 3188 383 3255 huius
419 3192 598 3255 sententiae
632 3191 760 3257 asseclis
797 3214 925 3256 oausam
962 3194 1113 3276 agentem
1144 3189 1369 3274 producamus.

198 3295 299 3362 Addit
320 3299 406 3362 enim
426 3299 518 3364 haec:
549 3296 606 3363 καὶ
627 3293 645 3365 ὁ
669 3295 817 3380 κωμικὸς
838 3295 875 3362 δέ
895 3293 1025 3376 παίζων
1051 3290 1189 3361 αόαίνοο
1209 3289 1311 3363 λίθον
1334 3293 1370 3362 έν

199 3397 282 3488 ᾅδου
298 3393 384 3469 εἶναι
397 3400 545 3493 πλάττει,
568 3399 638 3473 ἀπὸ
653 3409 713 3471 τοῦ
735 3399 860 3470 αάαίνω
879 3403 954 3482 θεὶς
974 3401 1128 3487 τοόνομα.
1152 3397 1372 3487 Πλούταρχος

200 3506 237 3574 δέ
256 3506 290 3574 έν
311 3513 380 3589 τοῖς
395 3507 466 3577 κατ’
492 3507 591 3580 αὐτὸν
611 3515 857 3596 ονμποσιακοῖς
878 3535 979 3600 φησιν
1001 3507 1117 3589 οὕτως·
1139 3506 1290 3596 δγρότητι
1312 3510 1370 3578 καί

199 3614 382 3706 θερμότητι
394 3617 559 3709 τεθήλασι
572 3620 613 3686 τὰ
630 3621 712 3707 ζῷα·
727 3613 746 3709 ἡ
763 3617 799 3686 δέ
813 3615 979 3708 ψυχρότης
993 3618 1049 3686 καὶ
1063 3614 1199 3707 ξηρότης
1214 3613 1361 3705 ὀλέθρια

149 3740 181 3790 48
201 3723 254 3791 διὸ
273 3725 452 3809 χαριέντως
465 3724 614 3816 Ὅμηρος
635 3727 746 3812 διερὸν
770 3726 890 3815 βροτὸν
911 3726 1033 3795 καλεῖ.
1054 3780 1061 3795 .
1082 3780 1090 3796 .
1111 3779 1118 3793 .
1146 3723 1164 3795 δ
1191 3725 1228 3793 δέ
1248 3722 1371 3812 ἀλίβας

198 3826 291 3899 καίδ
313 3834 466 3911 σκελετὸς
494 3831 551 3901 ἐπὶ
576 3841 699 3922 νεκρῶν
724 3834 885 3922 λέγονται.
922 3837 1069 3916 Brerius,
1098 3838 1153 3902 sed
1178 3838 1212 3901 in
1234 3839 1370 3902 eandem

198 3943 391 4007 sententiam
416 3944 643 4031 lexicographi,
671 3968 696 4011 e.
724 3967 755 4031 g.
781 3945 834 4010 Et.
861 3945 904 4011 M.
932 3947 1023 4031 <274‚
1044 3945 1080 4030 4>
1108 3938 1141 4008 oi
1164 3943 1225 4028 γὰρ
1253 3941 1370 4024 ζῶντες

197 4045 306 4133 ὑγροί,
336 4041 414 4115 αάοι
436 4045 468 4115 δ’
497 4047 530 4116 oi
555 4055 744 4129 τεθνεῶτες.
784 4053 922 4138 Hesych.
944 4049 1072 4139 διερόντ
1098 4045 1212 4137 ἀγρόν,
1235 4050 1369 4138 χλωρόν,

135 4194 137 4207 =
200 4154 283 4236 ζῶον
305 4152 442 4240 ἔναιμον
464 4160 497 4239 (l.
518 4155 609 4240 ζωόν,
630 4154 794 4243 έναιμον)·
817 4154 916 4246 ὑγρὸς
936 4158 998 4245 γὰρ
1018 4154 1036 4226 δ
1061 4157 1132 4245 ζῶν,
1155 4153 1173 4225 ὅ
1195 4158 1233 4225 δέ
1254 4159 1371 4247 νεκρὸς

198 4257 326 4348 ἀλίβας.
360 4264 449 4331 Idem
472 4265 570 4353 διερῷ
592 4262 690 4333 ποδίε
710 4261 799 4352 ἀγρῷ
820 4262 870 4333 έτι
894 4261 963 4334 ἀπὸ
985 4272 1044 4357 τῆς
1064 4263 1194 4352 βάσεως
1215 4263 1312 4333 ποδί·
1337 4263 1369 4335 οἳ

201 4369 237 4437 δέ
258 4367 392 4456 ζώντως,
413 4370 552 4459 ἐνεργῶς
573 4376 648 4462 (leg.
670 4398 742 4441 cum
763 4378 897 4444 Heinsio
922 4375 1027 4456 ζῶντι,
1053 4372 1196 4462 ἐνεργῷ).
