3008 4980
540 357 563 409 2.
589 351 629 406 De
647 350 897 421 interaspiratione.
1245 356 1305 419 303

135 524 190 586 tur
214 521 254 584 ab
281 517 467 584 Aristarcho
493 518 678 603 neglectum
704 518 812 584 fuisse.
859 519 898 585 V.
924 519 1074 605 Apollon.
1101 519 1161 583 lex·
1186 540 1217 601 p.
1246 522 1306 583 746

136 628 223 711 <147,
248 634 284 695 10
305 625 387 710 Βε.>.
431 624 494 702 Qui
519 647 610 690 secus
639 629 842 706 acceperunt,
868 649 1018 711 praesens
1039 627 1161 690 formae
1182 623 1307 688 mediae

135 733 226 800 verbi
252 725 322 813 είμί
351 732 391 797 ad
416 731 660 797 similitudinem
685 731 862 797 formarum
882 727 954 811 ἔσο,
978 726 1083 819 ήμην,
1108 727 1227 809 ἔσομαι
1249 730 1306 794 ad·

136 842 280 906 hibuisse
300 840 504 925 perspicuum
523 842 579 903 est
616 837 656 904 V.
671 839 862 905 Eustathius
881 840 954 905 adv
971 847 1039 908 106.
1075 839 1195 906 Herod.
1215 839 1306 905 010.

220 951 251 1030 5)
273 949 307 1009 Π
323 951 383 1014 558
398 947 504 1009 κεῖται
519 937 610 1032 άνήρ,
632 935 670 1022 δς
684 948 816 1026 πρῶτος
830 939 1020 1032 ἔσ-ήλατο
1034 949 1140 1024 τεῖχος
1150 939 1303 1024 Ἀχαιῶν,

136 1048 332 1139 Σαρπηδών.
374 1053 436 1118 Hie
457 1053 547 1118 locus
569 1055 707 1119 advertit
727 1057 870 1118 attentos
892 1053 1027 1119 Homeri
1046 1053 1196 1132 lectores,
1219 1053 1307 1136 quod

136 1183 205 1227 non
226 1160 444 1244 Sarpedonem
472 1161 529 1226 sed
553 1160 728 1226 Hectorem
756 1162 893 1244 primum
918 1162 953 1225 in
981 1159 1175 1226 Graecorum
1200 1158 1306 1223 muni·

137 1272 249 1334 menta
275 1267 439 1332 insiluisse
467 1271 561 1332 antea
587 1271 685 1351 poeta
711 1268 869 1333 cecinerat
891 1271 934 1330 M
954 1272 1014 1334 437
1036 1261 1115 1348 πρίν
1137 1260 1162 1348 χ’
1187 1260 1243 1330 ὅτε
1264 1261 1306 1349 δή

137 1374 222 1452 Ζεδς
236 1372 336 1450 κῦδος
347 1366 668 1458 ίνπέρτερονἛκτορι
682 1371 796 1451 δῶκεν,
820 1370 1005 1461 Πριαμίδῃ,
1030 1363 1067 1449 dg
1081 1375 1213 1456 πρῶτος
1234 1364 1309 1457 ἐσή-

137 1481 219 1547 λατο
244 1483 351 1560 τεῖχος
368 1473 512 1560 Ἀχαιῶν
534 1484 567 1545 et
587 1486 648 1548 462
672 1473 690 1545 ὁ
714 1473 745 1544 δ’
770 1473 821 1563 ἆρ’
845 1475 967 1564 ἔσθορε
994 1475 1158 1568 φαίδιμος
1172 1475 1308 1561 Ἕκτωρ.

138 1589 185 1656 Of.
201 1594 261 1656 465
284 1579 345 1651 οὐκ
367 1578 407 1650 dv
428 1580 479 1662 τίς
498 1609 556 1665 μιν
579 1579 737 1669 ἐρυκάκοι
758 1579 990 1672 ἀντιβολήσας,
1016 1582 1118 1675 νόσφι
1138 1589 1237 1672 θεῶν,
1260 1578 1306 1652 ὅτ’

137 1692 259 1760 ἐσᾶλτο
279 1687 396 1769 πάλας.
439 1692 658 1777 Sarpedonem
684 1698 796 1760 contra
823 1695 946 1760 dixerat
972 1695 1197 1760 tantummodo
1224 1695 1308 1758 muri

134 1803 252 1887 pinnas
277 1802 416 1887 primum
443 1801 640 1866 disturbasse
666 1803 710 1862 M
730 1806 789 1869 397
815 1797 1002 1886 Σαρπηδών
1029 1794 1061 1865 δ’
1089 1793 1140 1882 ἔρ)
1168 1796 1308 1880 ἔπαλξιν

135 1904 219 1974 ἑλὼν
231 1905 321 1991 χερσί
335 1910 528 1996 στιβαρῇσιν
543 1901 620 1986 ἕλχ’,
643 1902 663 1992 ή
682 1900 713 1972 δ’
731 1903 850 1973 ἕσπετο
868 1911 961 1973 πᾶσα
976 1903 1167 1992 διαμπερές.
1203 1908 1307 1986 Quare

136 2016 298 2095 nonnulli,
330 2019 428 2100 atque
459 2017 494 2080 in
522 2014 573 2080 his
603 2015 767 2100 Lysanias,
801 2017 1027 2098 grammaticus
1058 2017 1309 2101 antiquissimus,

136 2123 362 2189 Eratosthenis
383 2123 537 2207 magister
559 2122 659 2204 (Suid.
683 2146 706 2189 s.
726 2115 817 2208 Ἑρ),
844 2145 882 2188 eo
904 2125 989 2205 loco,
1016 2124 1055 2190 de
1078 2147 1143 2209 quo
1166 2123 1307 2207 disputa·

135 2252 222 2310 mus,
246 2228 473 2294 intellexerunt
495 2223 675 2314 ἔ-σήλατο,
700 2230 731 2294 h.
756 2252 781 2294 e.
802 2232 978 2311 concussit,
1005 2255 1025 2296 a
1046 2231 1145 2297 verbo
1168 2231 1309 2315 quodam

136 2328 335 2400 σάλλεσθαι.
378 2333 432 2402 Sic
462 2336 548 2400 enim
572 2335 659 2400 haud
688 2337 784 2402 dubie
810 2338 994 2419 voluerunt,
1024 2342 1062 2403 ut
1089 2330 1200 2414 πάλος
1220 2333 1307 2400 πάλ-

137 2441 260 2506 λεσθαι
281 2445 321 2524 (v.
344 2442 493 2528 Hesych)
516 2442 561 2507 sic
583 2437 685 2519 σάλος
706 2436 912 2520 σάλλεσδαι,
942 2467 1008 2509 non
1029 2439 1159 2523 σάλειν,
1189 2466 1255 2511 uno
1277 2441 1307 2526 λ,

136 2554 175 2614 ut
195 2551 280 2634 apud
300 2550 509 2614 Eustathium
537 2549 691 2634 scriptum
713 2555 770 2616 est.
812 2550 881 2616 Iam
906 2552 1010 2635 ipsam
1032 2552 1253 2617 difficultatem
1275 2554 1308 2615 et

137 2677 203 2740 quo
217 2660 312 2741 pacto
335 2656 539 2722 dissolverint
558 2657 665 2722 verbis
679 2656 856 2723 Herodiani
877 2659 999 2744 accipe:
1016 2650 1230 2740 Ἀρίσταρχος
1250 2653 1307 2720 καί

137 2757 171 2828 oi
191 2755 249 2826 ἀπ’
273 2755 374 2827 αὐτοῦ
390 2761 576 2842 δασύνουσι,
600 2759 776 2842 Λυσανίας
794 2761 1004 2853 (Πορφάριος
1017 2765 1114 2850 Vm)
1138 2761 1175 2829 dd
1194 2764 1303 2852 ψιλοί,
1318 2772 1389 2842 (320)

136 2865 334 2955 προσνέμων
353 2867 392 2935 τδ
414 2891 435 2935 σ
454 2874 499 2956 τῷ
518 2893 552 2957 η·
575 2864 750 2937 σάλασδαι
771 2873 805 2957 (l.
827 2865 1000 2959 odiendos
1029 2895 1103 2939 cum
1123 2857 1307 2954 Eustathio)

137 2975 197 3062 γάρ
220 2995 304 3062 φησι
323 2971 496 3063 σημαίνειν
515 2974 554 3044 τὸ
577 2971 739 3043 ἀποσπᾶν
766 2976 824 3044 καί
845 2975 1004 3046 σαλεύειν.
1038 2973 1066 3045 δ
1089 2975 1126 3043 δὲ
1145 2973 1309 3054 σαλεάσας

136 3084 268 3168 πρῶτος
298 3080 336 3149 τὸ
362 3085 468 3164 τεῖχος
491 3082 675 3171 Σαρπηδών
703 3081 806 3164 ἔστιν,
839 3079 857 3150 δ
888 3081 925 3150 δὲ
950 3080 1155 3173 εἰσπηδήσας
1171 3081 1307 3164 Ἕκτωρ.

137 3188 220 3278 φησί
241 3193 329 3274 γοῦν·
351 3189 562 3278 ,,Σαρπηδών
584 3185 617 3256 δ’
640 3186 779 3272 ἔπαλξιν
800 3187 883 3257 ἑλὼν
903 3190 993 3278 χερσί
1013 3195 1209 3281 στιβαρῇσιν
1230 3185 1305 3273 ἕλχ’,
1324 3204 1373 3256 308

138 3295 158 3384 ή
183 3291 214 3363 δ’
233 3293 353 3363 ἕσπετο
372 3299 504 3362 naam<-
531 3295 589 3363 ἐπὶ
610 3294 647 3364 δὲ
666 3302 725 3364 τοῦ
739 3295 895 3384 Ἕκτορος
916 3299 1019 3386 ,ῥῆξε
1042 3293 1073 3365 δ’
1099 3293 1310 3386 ἀμφοτέρους

138 3399 318 3487 δαιροάςίί,
342 3393 412 3468 εἶτα
428 3401 583 3492 ἐπιφέρει
597 3399 641 3484 „d
657 3399 688 3471 δ’
706 3400 830 3491 ἔσθορε
845 3402 1177 3494 φαίδιμοςἝκτωρ“.
1214 3398 1309 3487 δίμει-

135 3536 194 3579 νον
224 3510 261 3577 δὲ
286 3506 477 3576 πείθεσθαι
495 3506 698 3599 Ἀριστάρχῳ
720 3508 910 3599 δασάνονει,
938 3510 1137 3594 ἐκδέχεσθαι
1164 3510 1201 3578 δὲ
1221 3509 1310 3599 ημᾶς

139 3615 244 3697 οίίταις
255 3615 293 3684 τὸ
312 3613 467 3705 ἐσήλατο,
489 3615 542 3684 ὅτι
562 3623 694 3704 πρῶτος
715 3613 865 3708 ἐφήλατο
888 3618 945 3686 καί
966 3617 1158 3708 ἐπεπήδησε
1174 3623 1223 3705 τῷ
1242 3615 1310 3684 τεί-

137 3748 198 3806 χει.
227 3721 302 3810 [ὅρα
320 3729 398 3810 γοῦν
419 3721 464 3803 ιδς
485 3719 543 3792 οὔκ
566 3717 640 3792 εἶπε
663 3732 794 3811 πρῶτος
816 3728 971 3815 διῆλθεν·
994 3721 1012 3794 δ
1033 3725 1095 3810 μὲν
1110 3724 1170 3810 χδιρ
1184 3722 1309 3808 Ἕκτωρ

140 3835 272 3917 πρῶτος
293 3831 450 3919 διήλδεν,
480 3827 498 3899 δ
522 3831 558 3898 δὲ
579 3833 764 3922 Σαρπηδὼν
785 3840 915 3919 πρῶτος
935 3831 1086 3922 ὥρμησεν
1107 3829 1165 3899 ἐπὶ
1183 3830 1221 3899 τδ
1243 3836 1309 3898 τεῖ-

139 3957 210 4018 χος·
246 3933 318 4017 „cie
341 3943 384 4023 ῥα
408 3933 472 4006 τότ’
507 3933 666 4006 οίντίδεον
692 3936 894 4030 Σαρπηδόνα
925 3941 1035 4024 δυμδς
1066 3935 1170 4028 άνήκε
1205 3943 1311 4020 τεῖχος

207 4138 246 4180 ²⁹³
262 4137 371 4193 Nomen
382 4139 538 4210 Porphyn'i,
557 4158 640 4210 quem
652 4142 727 4198 hunc
744 4143 836 4197 locum
852 4142 950 4196 eadem
967 4140 1077 4196 ratione
1094 4141 1311 4210 interpretatum

143 4238 199 4278 esse
215 4220 378 4277 Eustathius
400 4222 477 4278 testis
495 4229 537 4280 est
554 4243 581 4294 p.
603 4231 678 4291 1075,
702 4228 905 4281 commentator
927 4225 1010 4295 longe
1028 4224 1247 4286 recentissimus,
1266 4221 1310 4277 cui

142 4306 245 4362 scholia
257 4306 283 4361 V
297 4306 443 4373 debentur,
460 4326 511 4378 pro
529 4309 652 4377 Lysania
668 4310 759 4365 minus
776 4309 828 4364 sibi
846 4307 958 4378 cognito
976 4308 1131 4365 substituit.
1161 4305 1309 4377 Porphyrii

143 4393 184 4445 est
201 4389 321 4445 alterurn
338 4391 462 4447 scholion
479 4393 508 4446 in
525 4392 640 4448 Venetis
657 4394 694 4448 ad
711 4394 739 4451 h.
756 4394 774 4447 l.
