3008 4980
194 252 235 312 24
475 241 498 298 I.
515 243 558 298 De
576 241 701 297 fontibus
720 240 865 295 doctrinae
881 236 1084 296 Aristarcheae.

194 417 279 477 serat
304 409 465 494 περὶτοῦ
489 409 535 498 μὴ
559 408 728 494 γεγονέναι
753 404 912 484 πλείονος
934 401 1085 484 ἐκδόσεις
1111 411 1172 492 τῆς
1190 403 1364 491 Ἀρισταρ-

192 514 283 598 χείσυ
301 511 517 601 διορθώσεως
529 522 577 601 (Κ
590 521 672 601 397).
696 519 816 596 Quidni
830 538 992 602 opponam
1007 517 1144 581 eundem
1154 517 1364 581 Ammonium

194 628 239 712 (v.
255 626 354 692 schol.
368 627 511 691 Ariston.
533 631 565 688 T
575 628 652 711 365>
673 627 837 711 scripsisse
852 620 929 707 περὶ
941 625 1002 708 τῆς
1016 619 1257 708 ἐπεκδοθείσης
1272 623 1364 704 διορ·

194 728 335 810 deiocus
347 737 405 816 (sc.
423 726 661 816 Ἀριστάρχου),
686 736 725 799 de
740 757 805 818 qua
821 756 887 798 non
908 736 1037 816 poterat
1057 733 1205 809 scribere,
1227 733 1255 795 si
1276 731 1365 796 nulla

195 847 271 908 erat
307 841 342 908 Si
356 842 397 906 ad
418 842 658 925 supposititiam
676 842 730 906 hic
750 841 834 905 liber
847 840 1039 924 pertinebat
1059 840 1282 905 inscribendus
1297 843 1365 904 erat

194 946 272 1032 περὶ
291 952 350 1035 τῆς
369 941 415 1025 ὡς
431 941 679 1031 Ἀρισταρχείοο
699 943 885 1035 φερομένης
905 941 1138 1024 διορθώσεως.
1178 946 1366 1030 Suspicatus

196 1062 245 1122 est
265 1056 405 1122 Wolfius
431 1061 569 1141 utroque
599 1057 696 1122 titulo
724 1056 862 1121 eundem
884 1054 1049 1117 Ammonii
1074 1053 1193 1118 librum
1221 1053 1363 1118 indicari.

195 1164 267 1229 Hoc
293 1187 404 1228 verum
430 1164 582 1230 fortasse:
614 1165 766 1229 affirmari
793 1162 916 1244 nequit.
954 1160 1018 1225 Sed
1044 1161 1107 1226 hoc
1133 1161 1365 1240 affirmandum,

195 1272 286 1337 illum
309 1271 449 1356 priorem
474 1272 606 1336 titulum
625 1272 687 1337 hoc
715 1271 777 1335 sibi
806 1268 901 1334 velle:
931 1265 1009 1350 περὶ
1037 1270 1096 1332 τοῦ
1123 1266 1169 1355 μὴ
1197 1264 1367 1352 γεγονέναι

195 1372 356 1455 πλείονας
376 1370 527 1454 ἐκδόσεις
545 1385 602 1466 τῆς
620 1372 867 1460 Ἀρισσαρχείου
890 1368 1107 1457 διορθώσεως
1126 1414 1168 1424 -
1186 1379 1253 1438 τῶν
1274 1372 1365 1446 deici.

196 1485 270 1551 Nisi
291 1486 377 1571 apud
396 1486 620 1552 Aristarcheos
645 1488 684 1551 de
711 1486 831 1570 duplici
857 1486 1004 1570 magistri
1026 1485 1168 1549 editione
1189 1487 1367 1565 constabat,

197 1616 263 1658 non
287 1598 415 1678 poterat
441 1593 577 1676 duplicis
607 1594 758 1659 editionis
783 1593 940 1659 lectiones
969 1614 1028 1676 per
1055 1595 1161 1656 totum
1189 1591 1366 1656 Homerum

198 1723 357 1784 exponere
378 1700 535 1784 Didymus
562 1705 594 1765 et
619 1703 788 1783 utriusque
815 1702 867 1766 vel
894 1722 1088 1766 consensum
1114 1699 1166 1762 vel
1187 1699 1368 1765 dissensum

198 1812 321 1872 notare.
366 1808 502 1872 Credere
530 1830 605 1873 vero
625 1809 836 1873 Ammonium
856 1809 994 1893 probare
1014 1805 1162 1884 voluisse,
1184 1808 1272 1890 quod
1293 1808 1367 1871 dein

197 1937 257 2000 pro
274 1914 355 1979 falso
371 1916 527 1998 agnitum,
550 1916 763 1980 temerarium
795 1916 875 1993 Quis
895 1917 929 1980 in
951 1916 1011 1979 hac
1033 1938 1068 1978 re
1090 1937 1201 1978 verum
1223 1915 1370 1980 docuerit

198 2022 425 2106 potiusquam
447 2022 576 2088 scholae
597 2028 782 2089 successor?
805 2023 863 2088 Cui
884 2023 954 2106 ipse
974 2022 1132 2105 Didymus
1154 2044 1220 2086 non
1242 2025 1369 2086 tantum

198 2128 295 2192 fidem
310 2129 433 2207 tribuit,
454 2130 624 2194 sedetiam
643 2153 719 2214 prae
741 2131 812 2194 aliis
833 2130 929 2195 fidem
951 2130 1060 2195 deberi
1081 2128 1250 2215 significat.
1286 2129 1369 2193 Vide

199 2235 295 2300 modo
318 2237 348 2298 B
364 2243 432 2303 111.
454 2240 489 2299 K
506 2242 576 2304 397.
599 2237 639 2302 cf.
664 2241 696 2300 T
714 2243 783 2305 365.
804 2243 835 2299 Z
848 2245 888 2306 76
906 2239 976 2319 (ubi
998 2230 1044 2313 ὡς
1063 2229 1277 2318 Ἀριστάρχου
1297 2236 1370 2321 leg,

200 2365 265 2407 11⁰ss
287 2344 378 2425 ·x⁰c)·
414 2346 445 2405 Γ
463 2349 534 2412 368.
556 2348 592 2407 Η
614 2353 641 2411 7.
666 2348 774 2412 1540.
822 2347 991 2411 Crederem
1016 2346 1044 2409 si
1070 2367 1195 2409 summa
1220 2345 1371 2409 credendi

200 2450 373 2514 necessitas
399 2455 498 2533 esset,
530 2475 613 2536 quae
640 2453 729 2517 nulla
755 2458 812 2519 est.
862 2453 952 2538 Ergo
978 2453 1058 2516 mihi
1084 2456 1208 2517 certum
1236 2456 1286 2517 est
1311 2474 1371 2517 nec

200 2557 409 2623 Ammonium
438 2559 476 2623 de
499 2557 619 2643 duplici
647 2560 787 2624 editione
815 2561 991 2626 dubitasse:
1022 2583 1134 2625 omnes
1161 2580 1236 2624 vero
1257 2563 1372 2643 postea

157 2687 190 2737 24
201 2666 424 2732 Aristarcheos
437 2665 598 2750 duplicem
615 2667 774 2746 statiusse,
795 2668 857 2732 hoc
871 2667 1029 2752 Didymus
1043 2691 1110 2733 non
1125 2667 1203 2731 sinit
1217 2667 1371 2730 dubitare.

135 2781 190 2847 (28)
203 2773 372 2850 Quomodo
387 2774 457 2838 fieri
471 2775 614 2858 potuerit
634 2779 671 2839 ut
685 2779 812 2859 praeter
831 2799 893 2852 eas,
917 2798 996 2859 quas
1011 2775 1216 2840 Aristarchus
1238 2773 1371 2839 editioni

199 2884 375 2966 paraverat,
398 2881 479 2946 aliae
494 2882 653 2947 editiones
668 2884 736 2947 eius
756 2885 886 2949 nomine
909 2883 1197 2959 circumferrentur,
1217 2881 1280 2945 hoc
1301 2880 1370 2963 ipse

201 2986 339 3053 Wolfius
361 2989 438 3053 satis
460 2988 593 3071 pulchre
615 2990 744 3054 strinxit
764 3014 795 3074 p.
818 2989 1042 3056 COXXXVHI.

283 3218 351 3300 §a
385 3216 437 3281 Ad
457 3217 587 3302 Didymi
605 3219 724 3283 librum
742 3221 941 3284 redeundum
964 3224 1021 3284 est.
1054 3221 1202 3284 Vidimus
1223 3221 1257 3284 id
1278 3244 1370 3304 prae-

201 3326 293 3408 cipue
316 3325 420 3410 egisse
435 3325 610 3409 Didymum
631 3329 669 3389 ut
690 3327 728 3390 de
750 3326 889 3392 lectione
904 3328 1110 3393 Aristarchea
1130 3351 1227 3412 quam
1248 3329 1282 3392 in
1304 3329 1371 3393 edi-

156 3449 164 3515 ρ
201 3433 344 3497 tionibus
374 3432 542 3496 habuisset
568 3433 619 3498 vel
647 3434 743 3498 variis
776 3435 975 3518 temporibus
1002 3435 1170 3518 probasset
1196 3440 1371 3514 constaret3

202 3543 299 3623 atque
314 3543 351 3602 ut
370 3538 432 3602 hoc
456 3540 637 3623 exquireret
659 3546 692 3606 et
713 3541 871 3606 editiones
893 3545 926 3606 et
947 3543 1194 3607 commentarios
1218 3548 1250 3608 et
1270 3544 1371 3609 libros

201 3650 272 3712 tum
285 3646 464 3710 Aristarchi
485 3650 555 3710 tum
570 3648 851 3714 Aristarcheorum
873 3650 1066 3714 adhibuisse.
1103 3650 1167 3715 Sed
1187 3651 1221 3714 in
1245 3674 1283 3716 eo
1305 3674 1371 3716 non

202 3755 354 3819 substitit.
395 3753 510 3818 Voluit
531 3755 627 3819 etiam
650 3756 688 3820 de
709 3756 854 3822 fontibus
879 3757 1098 3823 Aristarcheae
1119 3759 1280 3837 lectionis,
1301 3762 1371 3822 tum

202 3866 361 3946 quatenus
394 3861 530 3925 aliorum
555 3884 748 3928 consensum
780 3864 890 3929 tulerit
918 3869 1072 3930 constare.
1117 3865 1223 3943 Quare
1250 3887 1371 3944 omnes,

202 3970 364 4052 quotquot
390 3968 616 4047 innotuerunt,
643 3971 800 4036 editiones
826 3975 859 4036 et
884 3972 1082 4056 antiquiores
1108 3972 1308 4051 Aristarcho,
1326 3977 1373 4065 ¹ut

270 4287 282 4327 7
299 4283 473 4340 Antisthenis
490 4283 561 4339 liber
577 4286 646 4353 περὶ
663 4289 716 4339 τοῦ
732 4287 773 4356 μὴ
791 4278 866 4340 εἶναι
884 4275 1055 4358 ἀντιλέγειν,
1091 4287 1171 4358 Diog.
1190 4289 1236 4342 La.
1255 4288 1298 4344 ΠΙ
1318 4293 1358 4342 35.
