3008 4980
217 301 277 364 200
399 292 445 349 III.
466 291 508 349 Dc
526 289 681 347 Aristarchi
698 289 817 349 scientia
833 288 1011 361 antiquitatis
1027 287 1202 346 Homericae.

217 461 456 546 coarguendum
468 461 536 526 uati
557 460 704 526 homines
725 463 838 544 poetas
860 480 989 543 quoque
1010 457 1238 524 traduxerunt:
1259 458 1296 523 in
1317 457 1387 543 qui-

216 570 277 633 bus
297 569 454 655 gloriolae
476 592 551 634 suae
577 568 704 635 abunde
724 566 907 633 satisfacere
926 570 1085 652 poterant.
1129 564 1333 632 Simonidem
1352 569 1388 633 ut

217 678 366 742 ostendat
387 678 552 743 incedam
574 676 714 742 carmine
736 675 798 740 sibi
820 674 980 740 contraria
1001 674 1115 752 dicere,
1138 695 1237 759 quam
1260 695 1387 759 carpere

216 786 365 851 instituat
385 785 593 869 Protagoras,
625 806 663 849 ex
684 782 831 848 Platonis
859 781 987 867 dialogo
1008 804 1040 866 p.
1063 786 1145 851 3390
1172 780 1388 849 notissimum.

216 891 312 969 Quod
331 915 390 978 pro
419 891 572 958 similium
601 889 748 974 exemplo
776 892 834 955 est.
876 888 1063 972 Euripidem
1092 890 1128 954 in
1155 888 1388 955 vocabulorum

215 999 360 1065 minutiis
374 998 571 1083 Aeschylum
588 1000 817 1082 coarguentem
831 996 872 1061 ad
886 996 1104 1080 sophistarum
1118 1019 1242 1063 morem
1266 996 1389 1063 effinxit

216 1107 364 1174 comicus.
408 1107 557 1191 Denique
582 1104 775 1171 Aristoteles
806 1100 1024 1190 σοφιστικοὺς
1053 1099 1206 1189 ἐλέγχους
1236 1126 1389 1171 enarrans

216 1235 282 1279 non
305 1215 414 1280 omisit
436 1215 475 1280 de
496 1215 535 1279 iis
558 1213 671 1289 dicere,
694 1212 750 1295 qui
768 1211 947 1278 Homerum
967 1213 1211 1298 redarguerent,
1233 1216 1333 1298 atque
1354 1215 1390 1277 ut

215 1323 347 1406 reliquis
372 1345 483 1388 eorum
509 1321 658 1407 argutiis,
686 1320 731 1383 sic
752 1318 803 1384 his
824 1319 1015 1384 medicinam
1035 1321 1172 1405 paravit,
1194 1320 1233 1387 el.
1255 1320 1389 1406 sophist.

215 1428 263 1494 IV
285 1435 314 1498 8.
335 1432 419 1513 poet.
443 1427 611 1496 XXV1121.
652 1427 775 1494 Verum
801 1448 841 1491 ne
864 1427 972 1492 omnic
994 1428 1123 1512 quidem
1145 1428 1232 1494 malo
1253 1427 1389 1494 consilio

217 1539 257 1603 ab
279 1537 319 1602 iis
340 1537 523 1622 excogitata
544 1539 631 1601 sunt:
658 1535 714 1601 sed
736 1557 809 1599 cum
830 1534 1072 1621 grammaticam
1094 1537 1274 1602 doctrinam
1294 1536 1389 1622 primi

151 1637 154 1641 ’
216 1645 414 1723 inchoarent,
437 1645 556 1730 quippe
577 1644 633 1728 qui
653 1643 813 1708 rationem
833 1644 942 1727 potius
964 1665 1061 1727 quam
1081 1666 1177 1709 usum
1198 1648 1390 1729 spectarent,

216 1753 327 1818 multis
349 1753 382 1817 in
404 1752 538 1817 Homeri
565 1751 760 1817 carminibus
788 1750 901 1816 offensi
929 1755 1017 1829 sunt,
1048 1752 1165 1836 quibus
1191 1751 1389 1837 explicandis

215 1860 402 1944 imperfecta
429 1881 479 1924 ars
505 1880 572 1924 non
599 1859 769 1925 sufficeret.
819 1857 869 1923 Hx
893 1880 961 1943 qno
988 1880 1106 1945 genere
1134 1859 1285 1945 equidem
1309 1863 1389 1945 puto

214 1969 294 2033 illud
322 1967 435 2046 fuisse,
462 1968 549 2052 quod
574 1969 608 2031 in
633 1966 822 2051 imperativo
852 1968 952 2052 μῆνιν
979 1959 1072 2031 ilerde
1097 1961 1165 2030 θεοί
1191 1966 1388 2053 Protagoras

215 2076 414 2159 vituperasse
436 2075 583 2142 traditur.
619 2073 694 2139 Vid.
716 2073 859 2162 Spengel
880 2095 990 2158 σοναγ.
1011 2096 1091 2153 repo.
1112 2096 1143 2159 p.
1166 2083 1216 2143 45.
1252 2074 1300 2141 01
1322 2074 1388 2141 Η6-

216 2183 336 2247 rodian.
360 2182 460 2247 schol.
480 2181 517 2248 ll.
539 2184 570 2244 Γ
590 2186 658 2250 280.

134 2298 205 2370 (ros)
300 2290 448 2354 Alterum
463 2312 566 2376 genus
585 2288 763 2369 hominum,
785 2290 841 2373 qui
861 2290 985 2376 ingenii
1006 2291 1190 2361 ostentandi
1211 2291 1318 2376 gratia
1338 2313 1388 2356 res

150 2408 199 2459 203
217 2419 409 2483 personasve
431 2398 471 2463 ab
494 2396 636 2462 Homero
658 2397 749 2462 fictas
769 2397 968 2476 invaderent,
986 2398 1026 2462 ah
1050 2398 1161 2463 eadem
1181 2398 1289 2463 radice
1312 2419 1387 2482 pro·

216 2509 371 2591 pagatum
394 2508 475 2584 erat,
495 2505 649 2570 rhetores.
694 2505 757 2583 Qui
784 2527 857 2570 cum
877 2506 912 2569 in
933 2504 1095 2570 laudando
1117 2527 1154 2570 ac
1174 2506 1386 2590 vituperando

216 2635 350 2678 acumen
372 2613 537 2696 aciemque
560 2618 744 2679 exercerent
765 2613 842 2696 (cic.
865 2613 955 2678 Brut.
979 2635 1005 2679 c.
1030 2619 1077 2680 12.
1112 2611 1203 2678 Foss.
1228 2612 1269 2679 de
1291 2612 1386 2698 Gorg.

215 2744 246 2805 p.
262 2724 323 2803 43),
346 2742 441 2804 saepe
456 2720 628 2786 Homerica
642 2720 810 2786 tractanda
824 2724 1016 2798 sumserunt,
1038 2726 1071 2785 et
1084 2721 1130 2786 ita
1152 2720 1284 2804 quidem
1305 2742 1386 2786 nou·

215 2850 381 2911 nunquam
403 2831 440 2893 ut
462 2850 543 2927 quae
565 2828 620 2893 ille
642 2828 805 2894 laudasset
825 2830 888 2914 ipsi
909 2831 1133 2906 extenuarant,
1162 2850 1246 2912 quae
1266 2828 1320 2895 ille
1339 2830 1386 2894 vi·

215 2939 408 3020 tuperasset,
436 2938 473 2999 ut
499 2934 684 3020 Cyclopem,
712 2936 894 3002 Thersitam
919 2936 969 3018 (cf.
1000 2935 1080 3002 (tell.
1107 2934 1200 3002 XVII
1230 2940 1295 3020 12),
1325 2937 1385 3022 ipsi

215 3043 362 3108 laudibus
385 3048 619 3127 exaggerarent
630 3043 682 3105 ¹²².
723 3043 768 3108 Et
788 3044 868 3110 vidit
888 3045 968 3110 haec
989 3047 1078 3109 actas
1101 3044 1156 3127 qui
1176 3046 1314 3129 utraque
1335 3067 1385 3111 ra·

282 3261 318 3301 ¹21
336 3259 420 3315 Wolf.
433 3277 461 3329 p.
476 3258 621 3317 CLXVIII.
644 3261 791 3326 hiscovius,
804 3262 874 3316 tiber
886 3261 930 3316 die
944 3260 1116 3331 Ausspraohe
1129 3262 1177 3316 des
1189 3259 1385 3319 Griechischen

214 3361 241 3412 p.
263 3348 319 3400 196.

282 3430 320 3470 122
338 3428 420 3483 Certa
441 3445 485 3484 res
508 3432 562 3497 est,
591 3429 729 3500 captiosas
751 3429 958 3486 criminationes
977 3431 1121 3487 rhetorum
1143 3429 1385 3503 sophistarumque

214 3513 313 3568 studiis
336 3513 457 3569 maxime
479 3516 575 3568 auctas
596 3531 629 3569 ac
648 3514 802 3570 celebratas
825 3531 889 3570 esse.
924 3514 1005 3568 Unde
1027 3514 1164 3569 vocabula
1185 3515 1268 3586 plura
1285 3515 1316 3571 in
1333 3518 1385 3573 hac

213 3615 243 3652 re
263 3598 377 3668 propria
400 3615 433 3652 ex
455 3597 595 3652 rhetorica
617 3616 650 3654 ao
668 3598 821 3669 sophistica
842 3602 903 3654 arte
926 3599 1073 3669 depromta
1094 3603 1166 3655 sunt.
1201 3607 1385 3672 κατηγορεῖν,

214 3683 439 3752 ἀπολογεῖσθαι.
468 3681 591 3737 Sosibius
604 3681 621 3738 d
638 3684 756 3748 λυτικάς
772 3684 850 3754 apud
861 3682 963 3738 Athen.
976 3683 1016 3737 XI
1028 3702 1055 3754 p.
1068 3686 1139 3740 493d
1156 3685 1271 3739 τούτων
1287 3679 1388 3741 τοίνυν

215 3761 310 3831 οὕτως
326 3766 593 3836 κατηγορουμένων
609 3771 645 3837 τῇ
664 3769 836 3838 ἀναστροφῇ
849 3768 1029 3838 χρησάμενοι
1052 3768 1218 3835 ἀπολύομεν
1234 3767 1288 3825 τὸν
1305 3786 1386 3840 ποια·

214 3853 274 3921 τήν.
303 3849 384 3905 Arati
401 3849 460 3905 vita
477 3851 519 3906 ΠΙ
538 3868 583 3921 ap.
596 3851 677 3909 Buhl.
705 3849 869 3923 Εὐφράνωρ
889 3841 1072 3922 ἀντιγράψας
1089 3844 1164 3920 πρὸς
1180 3851 1232 3916 τάς
1249 3857 1303 3908 τοῦ
1313 3850 1387 3910 Ζωΐ-

214 3938 267 3991 λου
284 3935 472 4005 κατηγορίας.
502 3934 592 3991 Schol.
611 3938 640 3991 K
656 3941 705 3992 274
724 3925 810 3999 οὗτος
827 3931 899 3991 ἄλλα
917 3952 950 3991 τε
966 3932 1059 3990 πολλὰ
1075 3935 1204 4004 Ὀμήρου
1220 3938 1387 4009 κατηγόρει.

215 4042 226 4075 ι
238 4025 270 4076 60
282 4021 386 4075 πολλοὶ
402 4013 588 4088 κατηγόρουν
604 4025 658 4076 τοῦ
671 4013 825 4076 ἀπιθάνου.
855 4021 884 4074 Σ
894 4025 926 4074 22
939 4016 1051 4083 Ζωΐλος
1070 4018 1103 4074 δέ
1120 4035 1209 4088 φησιν
1223 4014 1339 4078 ἄτοπον
1353 4054 1387 4064 -

214 4096 387 4173 Ζηνόδωρος
404 4099 437 4156 δὲ
455 4093 654 4172 ἀπολογεῖται,
672 4107 701 4160 61
717 4103 779 4158 aliis
796 4103 869 4159 locis.
900 4103 941 4158 cf.
956 4104 1069 4159 Aristot.
1082 4105 1183 4161 rhetor.
1202 4105 1215 4158 I
1233 4110 1256 4168 3,
1274 4111 1289 4160 3
1308 4109 1388 4178 δίκης

214 4185 247 4242 δὲ
264 4180 299 4242 sd
317 4185 371 4252 μὲν
388 4193 558 4256 κατηγορία,
575 4182 610 4242 τὸ
627 4181 652 4242 ‹5‘
670 4179 827 4256 αἰτιολογία
850 4206 875 4242 v.
895 4189 921 4241 Π
939 4193 984 4252 22,
1003 4196 1025 4244 7.
1045 4195 1068 4244 8.
1086 4191 1114 4243 II
1132 4194 1176 4255 23,
1197 4195 1237 4245 14.
1250 4190 1323 4246 rhet.
1340 4191 1384 4248 Al.

213 4273 227 4326 1
247 4277 268 4326 1.
287 4270 347 4326 VII.
377 4268 485 4325 Deinde
503 4262 647 4341 ἔνστασις,
665 4272 838 4328 ἐνστατικοί.
868 4271 908 4326 af.
923 4271 1037 4327 Aristot.
1055 4272 1090 4328 el.
1108 4274 1186 4343 soph.
1205 4273 1244 4328 IX
1262 4280 1277 4329 6
1295 4273 1336 4346 (εἰ
1353 4275 1388 4333 ol

214 4347 294 4412 τοῦτ’
315 4349 430 4426 ἔχομεν,
453 4348 573 4418 καὶτὰς
593 4349 691 4420 λύσεις
714 4352 831 4426 ἔχομεν·
860 4354 891 4412 αἱ
912 4350 969 4428 γὰρ
987 4355 1100 4412 τούτων
1117 4351 1269 4423 ἐνστάσεις
1286 4351 1388 4425 stoan
