3008 4980
240 360 303 423 274
687 351 736 406 IV·
757 350 800 407 ue
816 350 954 423 prmus

239 511 555 594 πόλις.Θεσσαλιάς
582 510 653 582 άπὸ
679 513 838 594 Λῖσωνος
863 521 922 583 τοῦ
948 509 1095 593 Ἰάσονος
1123 511 1265 598 πατρός,
1301 505 1339 582 οὗ
1366 515 1402 581 τὸ

240 619 348 708 ὄνομα
365 622 423 688 όιό
443 627 504 688 τοῦ
523 649 551 688 ω
573 619 791 693 κλίνεται...
812 618 970 705 όξάτονον
989 617 1028 690 τό
1044 616 1174 689 Alonis.
1208 622 1251 687 τὰ
1275 621 1338 708 γὰρ
1359 617 1404 700 οῖς

240 757 288 796 ων
308 725 493 815 όισόλλαβα
514 728 572 797 ἐπὶ
592 731 723 799 πόλεων
744 726 906 812 ὀξύνεται,
931 724 963 795 si
981 728 1028 817 μὴ
1051 728 1235 817 διαστολὴν
1255 725 1326 810 ἔχοι
1347 753 1403 818 ση-

238 836 456 922 μαινομένου,
485 833 533 916 ὦς
556 837 595 906 τό
615 838 752 925 Κρότων
776 835 968 923 βαρύνεται·
995 831 1194 917 όξυνόιιενον
1217 835 1282 923 γὰρ
1311 837 1404 925 όηλοῖ

240 942 399 1035 ζοιόφιον·
430 940 455 1031 ἢ
479 950 664 1034 χαρακτῆρι
687 939 869 1031 ἱπάγοιτο,
903 941 950 1024 ιός
977 943 1017 1012 τό
1040 937 1136 1010 Ἲτων
1161 943 1402 1026 οιναπενεχόὲν

237 1058 285 1141 τῷ
302 1049 439 1140 Τρίτων,
458 1058 488 1117 Γ
487 1053 581 1118 εἰτιον
595 1056 676 1139 (sic),
695 1049 818 1119 Βίτων·
841 1043 913 1121 οἷον
924 1045 1042 1131 Ἠιιόν,
1064 1045 1235 1136 Κραννιόν,
1258 1057 1291 1117 Γ
1287 1046 1400 1136 αρτιόν,

240 1154 335 1226 Ναόν
350 1211 359 1227 .
375 1210 406 1226 ..
427 1159 498 1228 Nec
520 1163 633 1228 dubito
655 1163 734 1247 quin
754 1167 842 1228 recte
862 1167 1013 1229 accentus
1034 1161 1133 1247 posiii
1154 1162 1220 1226 siut
1240 1189 1292 1252 up.
1312 1165 1402 1230 Eust

237 1294 268 1356 p.
294 1276 370 1347 333,
396 1275 437 1337 24
466 1273 495 1332 Γ
492 1262 598 1353 τρτών
622 1269 724 1347 πόλις
751 1268 1025 1347 Θεσσαλίας...
1050 1263 1123 1334 άπὸ
1150 1272 1209 1333 τοῦ
1234 1261 1403 1339 κτίσαντος

238 1370 342 1463 αι’·ιην
358 1381 388 1440 Γ
384 1371 528 1462 όριωνος
548 1377 600 1459 (cf.
614 1376 727 1463 Stepln
741 1400 766 1445 s.
782 1381 834 1460 u).
879 1370 1036 1454 Φαιστός,
1059 1377 1116 1442 sed
1134 1377 1231 1442 heros
1249 1376 1401 1448 Φαῖστος.

237 1481 357 1551 Horou
377 1484 492 1551 Arcas
511 1507 543 1569 p.
564 1491 619 1564 79,
642 1491 681 1554 18
701 1484 740 1552 τό
765 1488 911 1562 Φαῖστος
930 1480 989 1551 ἐπὶ
1007 1486 1067 1549 τοῦ
1089 1479 1202 1568 ἥρωος
1220 1479 1401 1565 βαρύνεται.

238 1591 349 1676 steph.
386 1585 532 1669 Φαιστός
559 1589 661 1669 πόλις
685 1586 818 1678 Κρήτης
844 1584 1018 1672 ὀξυτόνως·
1056 1586 1096 1655 τό
1123 1587 1188 1674 γὰρ
1220 1584 1402 1673 βαράτονσν

236 1694 361 1780 κόριον.
401 1699 450 1765 (II
477 1699 569 1768 Eun.
595 1705 669 1784 313,
697 1707 745 1769 16.
796 1701 941 1777 Φαῖστος
965 1703 1016 1766 est
1041 1699 1138 1764 eiiam
1163 1697 1319 1782 scriptor,
1348 1695 1402 1781 qni

237 1807 364 1891 scripsit
383 1806 549 1886 Laconica,
570 1808 635 1872 selu
651 1807 745 1873 Pind.
767 1807 861 1891 Pytu
881 1805 929 1872 IV
948 1812 999 1876 28.
1035 1806 1163 1873 clarum
1184 1810 1242 1883 ssi,
1264 1805 1354 1889 quod
1369 1805 1401 1868 in

155 1923 226 1993 (288)
237 1915 458 1980 conditoribus
483 1914 583 1995 valet,
607 1915 670 1980 alia
695 1936 824 2000 quoque
849 1916 884 1978 iu
904 1914 1035 1998 propria
1053 1913 1199 1978 locorum
1217 1911 1401 1978 nominibus

236 2042 379 2087 consona
399 2023 520 2090 cadere.
555 2022 675 2087 Eadem
692 2044 774 2107 quse
788 2022 827 2087 de
841 2021 975 2086 urbibus
995 2020 1081 2087 dicta
1101 2024 1178 2085 sunt
1197 2019 1286 2085 haud
1306 2018 1400 2084 dubie

237 2129 334 2193 etism
355 2129 394 2194 de
415 2128 580 2194 montibus
599 2127 769 2213 fluviisque
785 2129 904 2196 valent.
940 2129 993 2193 Sic
1008 2150 1128 2193 nomen
1140 2127 1233 2193 virile
1243 2119 1401 2214 Ἀλφειός

235 2236 327 2302 Eust.
347 2260 380 2321 p.
401 2243 470 2305 297.
504 2235 660 2304 Herodoi.
682 2235 745 2301 VII
766 2242 836 2303 227.
870 2236 967 2301 Phot.
984 2241 1021 2304 13
1035 2237 1058 2301 b
1072 2240 1122 2316 32,
1143 2256 1203 2301 uec
1223 2256 1322 2301 nausa
1342 2233 1400 2299 etii

236 2365 293 2408 nur
308 2344 466 2409 scribatur
481 2336 645 2430 Κάφισος,
667 2344 754 2428 qnod
775 2344 885 2408 notavi
906 2366 945 2409 ex
964 2343 1050 2409 Plut.
1064 2365 1117 2427 qu.
1136 2365 1227 2408 conv.
1241 2340 1321 2408 VIII
1334 2349 1355 2409 4
1368 2335 1401 2403 ε’.

234 2449 307 2516 Nisi
328 2451 500 2516 Boeotium
520 2455 688 2516 accentum
710 2451 806 2518 dicus.
844 2444 1000 2538 Κηφισός
1021 2455 1071 2516 esi
1090 2451 1177 2535 apud
1196 2450 1320 2518 Herod.
1340 2445 1400 2514 vfl

237 2564 303 2626 178.
326 2594 365 2604 -
386 2558 492 2624 Herus
513 2553 713 2642 Παρνασσός
733 2558 869 2624 Pausan.
891 2558 921 2624 X
941 2565 969 2638 6,
992 2567 1020 2627 1.

170 2795 218 2847 278
318 2778 409 2856 510.
451 2774 567 2839 Adhuc
592 2775 763 2840 maximum
792 2779 916 2859 partem
942 2775 1059 2840 versuti
1087 2795 1199 2840 snmus
1225 2775 1261 2838 iu
1287 2794 1398 2858 excep-

234 2881 386 2960 tionibus,
408 2903 473 2966 quo
495 2882 560 2946 iam
581 2883 676 2947 ardor
696 2883 842 2949 mutandi
863 2886 1014 2949 accentus
1034 2881 1144 2967 aliquo
1165 2882 1263 2947 modo
1284 2883 1398 2947 rufin-

235 2992 359 3073 guetur.
400 2987 497 3054 Nunc
517 2990 559 3053 ad
580 3012 618 3054 es
637 2991 825 3071 transimus,
847 3012 929 3074 quse
950 2990 1099 3054 videniur
1118 2988 1266 3074 regulum
1286 2989 1397 3055 funere.

235 3095 298 3161 Sed
312 3096 365 3161 hic
379 3117 509 3180 quoque
523 3097 722 3163 inveniemus
739 3099 861 3164 nullam
876 3119 945 3175 esse
958 3101 1083 3182 partem
1098 3096 1177 3180 quin
1196 3074 1398 3182 excep'ffioues

233 3202 360 3269 habeat.

315 3311 340 3380 Ι.
383 3310 475 3378 Nihil
502 3313 612 3378 noiius
638 3334 736 3398 quum
761 3313 918 3378 adjectiva
941 3312 1119 3398 composita
1145 3312 1181 3377 in
1207 3333 1259 3397 ης,
1283 3311 1342 3377 ubi
1364 3311 1397 3375 in

232 3419 362 3503 propriu
375 3423 553 3501 transeunt,
574 3425 742 3486 accentum
755 3420 925 3487 retrahere.
966 3420 1039 3486 Hoc
1053 3442 1156 3504 genus
1174 3418 1398 3504 fingendorum

93 3570 96 3581 .
225 3527 435 3610 propriorum
455 3533 522 3593 tam
543 3528 698 3593 usiIatum
719 3528 782 3593 fuit
799 3532 837 3593 ut
857 3528 924 3592 siut
944 3528 1042 3593 etium
1062 3528 1159 3593 huius
1179 3526 1303 3593 formae
1323 3545 1398 3612 prn-

233 3632 315 3715 pris‚
348 3656 485 3718 quorum
512 3635 667 3700 adiectiva
694 3636 729 3699 iu
759 3658 820 3701 usu
847 3656 914 3700 uon
938 3635 1082 3715 fuerunt,
1112 3639 1150 3700 ut
1172 3627 1396 3719 Ἀντισθένης,

232 3737 465 3828 Δημοσθένης,
483 3735 725 3829 Ἀριστοφάνης
739 3734 1016 3828 (Μεγαλοσσάκης
1029 3742 1180 3828 Apollon.
1192 3741 1254 3808 Rh.
1267 3739 1285 3807 Ι
1297 3744 1397 3823 1945).

233 3845 360 3933 Regula
379 3849 497 3915 traditu
516 3851 557 3916 nb
577 3849 697 3919 Heron
717 3850 832 3917 Arcud.
853 3873 883 3935 p.
901 3857 1018 3931 27,17.
1052 3850 1218 3935 Moschop.
1236 3848 1307 3933 syII
1324 3850 1399 3933 post

234 3950 386 4043 ἐντρυφᾷ.
426 3956 546 4037 (Schol.
565 3957 658 4023 Pind.
682 3957 730 4025 01
752 3957 768 4023 I
789 3963 852 4041 38.)
887 3958 979 4027 Eust.
996 3981 1027 4043 p.
1050 3963 1119 4026 135.
1144 3964 1237 4036 1411,
1257 3963 1307 4025 40.
1330 3960 1398 4032 538,

234 4066 283 4129 36.
309 4068 401 4143 1424,
425 4071 475 4131 56.
500 4070 594 4145 1623,
615 4070 656 4132 58
682 4064 733 4148 (cf
758 4071 845 4133 1967.
870 4065 948 4133 Iob.
974 4064 1050 4152 Agi
1069 4070 1130 4132 266
1152 4068 1242 4147 nou).
1281 4062 1397 4128 Penus·

232 4172 285 4232 tur
314 4169 349 4233 in
377 4171 428 4234 his
455 4192 688 4256 nonnunquam
713 4173 748 4236 in
774 4171 879 4249 libris,
906 4177 943 4236 ut
963 4173 1173 4260 Δεξιφανοῦς
1193 4170 1304 4256 Stepb.
1326 4193 1350 4238 s.
1370 4190 1397 4236 v.

236 4270 356 4361 Φάρος.
396 4276 471 4342 Luc.
494 4300 615 4344 consor.
635 4279 667 4344 h.
689 4284 729 4346 62
750 4279 784 4343 iu
806 4279 854 4345 ed.
870 4278 980 4346 Herm.
1017 4279 1118 4346 Recte
1132 4277 1238 4348 Sirsb.
1255 4276 1316 4343 VII
1330 4283 1397 4346 792.

234 4376 406 4471 Τηλαογής
432 4383 528 4469 Diog.
556 4385 610 4452 La.
636 4407 779 4473 prooem.
810 4393 857 4454 15.
883 4384 978 4453 Phon
1004 4392 1066 4455 438
1085 4387 1107 4453 b
1129 4392 1178 4456 30.
1227 4384 1332 4452 Prou
1358 4384 1398 4450 sd
