3008 4980
306 294 330 383 5.
355 326 473 397 Reliqua
489 327 647 397 fragmenta
664 325 883 397 chorographica
900 327 929 382 et
945 320 1139 394 geographica.
1243 327 1304 389 225

220 497 250 557 Β
273 500 333 563 684
347 487 535 582 Ἓλληνες.
570 492 602 584 (ὴ
621 495 738 583 διπλὴ)
765 489 817 561 ότι
842 488 965 577 μόνους
989 489 1066 569 τοδς
1085 481 1141 556 ὑπ’
1162 481 1308 568 Ἀχιλλεῖ

137 596 354 686 τεταγμένους
367 598 527 689 Ἓλληνας
544 603 647 668 καλεῖ.
677 609 697 667 Ι
716 611 775 672 395
797 596 829 690 (ὴ
849 601 966 687 διπλὴ)
981 595 1033 668 ὅτι
1047 597 1108 685 τὴν
1125 590 1307 673 Θετταλίαν

139 707 363 796 (Θετταλικὴν
379 711 462 796 cod.)
485 706 588 790 οὕτως
609 708 698 796 λέγει
719 704 834 798 μόνην,
857 707 916 797 τὴν
938 707 975 774 δὲ
996 704 1076 794 ὅλην
1092 698 1234 793 ἤπειρον
1249 696 1309 769 οὐκ

140 808 230 884 οἶδεν
252 814 356 896 οὕτως
377 815 590 907 καλουμένην.
626 816 714 886 νόθα
737 810 795 884 σόν
817 815 925 883 έκεῖνο
948 813 1079 904 ,,έγχείη
1102 808 1133 881 δ’
1151 808 1308 878 ἐκέκαστο

139 923 355 1013 Πανέλληνας
376 924 432 992 καὶ
450 920 629 1008 Ἀχαιοός“
652 930 694 1011 (Β
714 932 802 1012 530),
832 918 937 1006 ,,καθ’
957 920 1102 989 Ἑλλάδα
1130 920 1186 988 καί
1206 918 1309 1007 μέσον

130 1026 279 1121 ''moe“
302 1034 335 1117 (δ
350 1042 409 1104 726
425 1041 457 1102 ελ
470 1041 635 1122 praeterea
650 1037 842 1121 aliquoties).
878 1036 930 1102 Ad
950 1035 1037 1100 hunc
1057 1055 1185 1100 versum
1208 1030 1227 1096 δ
1247 1038 1306 1100 726
1325 1039 1374 1091 228

142 1245 304 1315 5032de
338 1246 395 1315 καί
425 1243 484 1316 οὒκ
516 1241 605 1316 οἶδεν
631 1243 815 1339 ὃὍμηρος
839 1248 899 1337 τὴν
925 1243 1005 1315 καθ’
1034 1243 1125 1336 ὴμᾶς
1152 1241 1307 1324 Ἑλλάδα,

142 1350 230 1421 άλλδι
251 1354 311 1444 τὴν
336 1354 545 1445 Θεσσαλικὴν
572 1355 656 1424 οὕτω
678 1354 783 1443 λέγει,
811 1356 868 1424 καὶ
881 1354 1043 1445 Ἓλληνας
1067 1355 1144 1433 τοὺς
1170 1353 1310 1422 ἐκεῖθεν.

143 1465 215 1533 soh.
237 1467 296 1541 AD
320 1467 360 1531 ad
381 1470 402 1530 I
421 1471 480 1536 395
498 1459 712 1554 Ἀρίσταρχος
732 1460 810 1551 παρ’
831 1460 973 1554 <Ομὴρῳ
1000 1460 1187 1531 Θεσσαλίαν
1206 1459 1310 1550 μόνην

142 1572 202 1659 τὴν
220 1568 363 1638 (Ελλάδα
390 1573 489 1662 φησίν
517 1565 603 1641 εἶναι
629 1574 686 1640 καὶ
704 1571 865 1662 Ἕλληνας
885 1572 963 1652 τοὺς
988 1571 1180 1651 Θεσσαλοὺς
1200 1595 1311 1658 παρα-

142 1679 319 1746 κολουθιῦν
338 1678 535 1772 Θουκυδίδῃ.
572 1668 769 1750 καίάθετεῖ
788 1681 845 1748 τὸν
867 1676 976 1763 στίχον
997 1686 1111 1748 τοῦτον
1129 1674 1261 1768 ,,έγχείη
1277 1670 1309 1744 δ’

143 1784 299 1854 ἐκέκαστο
323 1785 539 1877 Πανέλληνας
566 1789 623 1856 καί
644 1784 835 1872 Ἀχαιοάςίλ
878 1787 935 1856 καί
961 1786 1030 1855 ἐκεῖ
1058 1785 1095 1854 δὲ
1120 1782 1225 1853 πάλιν
1251 1786 1312 1874 τὴν

147 1893 333 1963 Θεσσαλίαν
360 1891 476 1964 άκοάει
502 1896 575 1984 (καὶ
601 1894 715 1985 ἐκείνῳ
744 1896 781 1964 δὲ
808 1901 855 1986 τῷ
879 1893 973 1984 τόπηι
1000 1892 1104 1961 πάλιν
1126 1890 1243 1963 άκοόει
1264 1896 1311 1980 Α)

142 2009 291 2094 ,,φεδγον
312 1999 414 2071 ἔπειτ’
438 1999 612 2071 ἀπάνευθε
630 2001 672 2071 δι’
692 2001 853 2085 Ἑλλάδος
867 2000 1084 2094 εόρυχόροιο“
1099 2009 1196 2090 (478).
1217 2006 1311 2072 1447

143 2110 174 2200 (ὴ
200 2113 318 2202 διπλὴ)
341 2108 395 2181 ότι
415 2109 520 2180 πάλιν
540 2113 601 2203 τὴν
626 2114 831 2203 Θετταλικὴν
851 2109 952 2180 πόλιν
975 2109 1079 2191 οὕτως
1101 2104 1201 2178 εἶπεν.

224 2226 254 2285 Β
276 2228 336 2291 867
358 2226 480 2309 Καρῶν
505 2217 794 2313 βαρβαροφώνων
823 2218 855 2310 (ὴ
881 2223 998 2309 διπλὴ)
1028 2217 1082 2288 ότι
1107 2214 1313 2308 Θουκυδίδης

143 2329 174 2416 <l
200 2331 235 2415 3>
264 2327 352 2414 λέγει
382 2328 443 2418 τὴν
475 2324 660 2415 ὀνομασίαν
691 2336 757 2397 τῶν
782 2324 960 2418 βαρβάρων
994 2326 1189 2417 νεωτερικὴν
1219 2319 1312 2396 εἶναι.

143 2434 309 2522 ἐλέγχεται
331 2434 368 2503 δέ
389 2435 543 2506 ἐντεῦθεν
564 2444 614 2524 (θ).
636 2441 675 2507 V.
697 2441 802 2508 Strab.
823 2438 900 2505 XIV
922 2446 992 2508 662.
1015 2477 1055 2486 -

226 2546 374 2612 Ceterum
395 2571 434 2614 ex
454 2549 563 2616 multis
585 2551 638 2614 hic
658 2572 760 2636 pauca
780 2549 947 2616 habemus.
990 2547 1095 2627 Quare
1117 2569 1183 2613 non
1205 2547 1313 2612 omnia

141 2654 283 2721 iudicare
304 2656 389 2721 licet.
1115 2635 1120 2647 ¹

614 2776 846 2789 *ωσι-

568 2933 692 3027 ’Ἀρνη
726 2935 884 3027 ’Ἀσκρη
1325 2939 1396 3011 (234)

225 3091 254 3154 B
277 3098 338 3160 507
360 3091 395 3156 οἵ
412 3114 447 3155 τε
461 3085 850 3182 πολυστάφυλονἍρνην
871 3084 944 3169 έχον
967 3088 1004 3154 οἳ
1021 3110 1056 3152 τε
1071 3083 1239 3152 Μίδειαν·
1262 3081 1314 3152 ὅτι

142 3191 329 3282 Ζηνόδοτος
349 3193 471 3288 γράφει
486 3192 632 3288 ’Ἀσκρην
653 3194 740 3280 ἔχον·
770 3193 808 3265 οό
834 3193 972 3262 δόναται
998 3191 1034 3261 δέ
1055 3190 1315 3284 πολυστάφυλος

142 3298 305 3392 ὴ”Ασκρη
330 3302 504 3392 λέγεσθαι·
530 3301 803 3394 ἀξιοπιστότερος
827 3298 890 3390 γάρ
918 3302 1006 3370 ἔστιν
1028 3299 1190 3382 Ἡσίοδος
1211 3300 1315 3388 λέγων

143 3405 286 3502 ,ξἈσκρη
305 3417 404 3497 χεῖμα
424 3418 520 3505 κακῇ,
545 3412 643 3503 θέρει
665 3409 833 3502 ἀργαλέηίί
853 3415 924 3500 (Op.
940 3418 1028 3498 638)·
1050 3408 1133 3479 ὥστε
1151 3404 1230 3485 οὓδὲ
1250 3435 1314 3477 πο-

144 3517 313 3605 λύκαρπος
333 3519 465 3607 λέγοιτο
488 3518 592 3591 ἷίνῙΜ.
633 3528 673 3588 Η
689 3533 708 3594 9
731 3519 783 3590 ότι
803 3517 991 3609 Ζηνόδοτος
1012 3518 1047 3587 έν
1066 3517 1128 3604 μέν
1148 3524 1196 3608 τῷ
1213 3545 1316 3587 κατα-

146 3620 233 3715 λόγῳ
254 3625 437 3717 πεποίηκεν
462 3633 526 3711 ,,ολ’
547 3655 583 3697 τε
609 3626 868 3720 πολυστάφυλον
882 3624 1028 3716 ’Ἀοκρην
1054 3623 1163 3709 έχονῑί,
1190 3623 1316 3694 ἐνθάδε

131 3731 184 3800 ’δέ
201 3729 293 3802 εἴασε
318 3736 379 3825 τὴν
399 3731 532 3827 Ἄρνην.
575 3737 630 3807 διδ
658 3735 678 3828 ὴ
704 3737 810 3826 διπλὴ
831 3735 867 3803 ἐν
892 3741 939 3823 τῷ
950 3730 1055 3825 ’Άρνη
1081 3738 1194 3824 <verba
1216 3734 1251 3802 ἒν
1270 3741 1317 3823 τῷ

137 3835 241 3932 ’Ἀρνη
268 3869 336 3913 esse
364 3847 500 3915 delenda
523 3849 605 3915 vidit
628 3848 881 3932 Friedlaender>.
921 3847 1038 3914 Strabo
1064 3845 1110 3911 IX
1134 3871 1164 3931 p.
1191 3851 1251 3914 413
1276 3844 1315 3912 τὸ

147 3943 179 4015 δ’
204 3944 403 4043 Ἀκραίφιον
432 3955 489 4021 καὶ
516 3951 595 4023 αὐτὸ
624 3959 732 4022 κεῖται
757 3953 792 4021 έν
820 3951 913 4046 δίψει.
957 3951 1041 4043 φασί
1068 3949 1105 4018 δὲ
1130 3957 1228 4021 τοῦτο
1255 3977 1316 4018 κα-

147 4058 284 4127 λεῖσθαι
304 4055 427 4150 ’Ἀρνην
447 4059 514 4130 ὑπὸ
541 4067 600 4130 τοῦ
627 4071 768 4151 ποιητοῦ
790 4058 965 4147 ὁμώνυμον
986 4066 1026 4153 τῇ
1049 4062 1242 4152 Θετταλικῇ.
1284 4056 1317 4128 οἱ

149 4183 356 4195 ———-.-..-.-

215 4229 252 4272 141
273 4228 323 4286 His
345 4229 476 4287 extremis
497 4231 590 4286 verbis
613 4233 699 4302 <quae
717 4229 915 4286 Friedlaender
938 4231 974 4285 ab
992 4230 1173 4286 Aristoniceis
1191 4228 1316 4298 εσολαείλ)

148 4311 306 4370 Siebelisius
324 4315 364 4385 (in
381 4316 477 4370 Jahnii
493 4310 649 4370 Anhalibus
669 4316 721 4372 VII
735 4323 745 4372 l
760 4334 789 4386 p.
801 4320 845 4384 86)
864 4316 958 4370 notari
974 4318 1058 4386 putat
1076 4314 1251 4385 epitaphium
1262 4313 1316 4367 He·

148 4399 219 4454 siodi
235 4403 271 4469 (v.
289 4400 406 4456 Pausan.
424 4401 464 4457 IX
482 4405 522 4465 38,
542 4402 577 4473 3),
589 4394 692 4474 Ἄσκρη
712 4399 767 4469 μὲν
783 4402 891 4472 πατρὶς
904 4402 1104 4470 πολυλήϊος.

198 4486 305 4541 hehn,
318 4488 451 4532 Arintuoh.
1076 4490 1107 4539 15
