3008 4980
215 291 234 354 8
493 283 515 336 Ι.
544 280 586 336 De
603 279 727 334 fontibus
745 279 888 336 doctrinae
907 278 1107 333 Aristarcheae.

185 448 278 536 8de
301 452 340 516 ab
362 449 455 514 initio
479 448 633 513 orationis
655 449 695 530 (e.
718 470 749 535 g.
771 451 846 532 post
866 449 1059 531 vocativum)
1081 447 1232 532 positum.
1267 448 1296 508 P
1313 452 1384 513 221.

220 563 253 622 Ψ
273 565 341 626 627.
386 557 454 621 Has
482 578 557 621 vero
585 558 679 620 notas
705 555 884 621 Aristarchi
911 577 979 622 esse
1006 556 1123 622 scimus
1146 576 1185 619 ex
1210 553 1386 639 Apollonio

215 664 356 750 Dyscolo
380 664 418 730 de
441 664 523 731 coni.
545 687 575 748 p.
596 670 671 742 506,
700 672 719 732 5
741 656 828 727 άλλά
849 661 916 750 μὴν
940 661 997 729 καί
1023 659 1180 748 συνήθως
1204 654 1223 727 δ
1245 659 1387 749 ποιητὴς

218 766 363 857 άρκτικῷ
385 764 473 855 αὐτῷ
499 773 703 859 προσχρῆται
726 772 964 850 (coniunctione
986 766 1059 855 γάρ,
1087 775 1199 838 contra
1218 770 1387 852 rationem,

218 904 299 967 quae
314 880 551 946 enuntiationes
566 873 627 963 γάρ
649 880 804 946 habentes
825 880 978 965 postponi
998 881 1109 962 iubet).
1148 874 1206 943 καί
1227 870 1265 944 od
1288 880 1386 944 τοῦτο

216 982 395 1076 τεκμήριον
403 989 463 1053 τοῦ
475 985 533 1051 τὸν
544 980 643 1071 λόχον
652 980 966 1068 άποδοκιμάζεσθαι
977 987 1020 1071 (h.
1029 1009 1056 1052 e.
1067 988 1226 1054 rationem
1235 991 1388 1068 nostram,

220 1119 314 1182 qnam
343 1096 563 1180 exposuimus,
591 1094 838 1178 improbabilem
865 1097 962 1178 esse),
998 1088 1066 1178 εἴγε
1094 1091 1151 1159 καί
1182 1092 1387 1160 τὰτοιαῦτα

213 1197 426 1289 Ἀρίσταρχος
440 1195 634 1285 παρενίσατο
654 1202 679 1287 <.
696 1256 703 1270 .
720 1257 727 1270 .
743 1253 750 1267 .
768 1222 908 1268 ειωσατσ
928 1202 1012 1288 οοδ.>
1029 1194 1388 1289 (1.παρεσημειιόσατο)

218 1307 261 1389 ὡς
275 1305 516 1392 άνατεθειμένα
525 1303 689 1399 Ὁμηρικῇ
705 1304 879 1398 συνηθείᾳ,
897 1304 1019 1375 καθότι
1033 1309 1089 1376 καί
1100 1304 1152 1376 ἐπ’
1170 1303 1279 1377 ἄλλων
1291 1306 1389 1376 πλεί-

218 1443 301 1486 στων
314 1412 492 1484 ἰδιάσαντά
507 1411 581 1482 τινά
604 1414 674 1483 ἐστι
694 1411 772 1502 παρ’
796 1411 895 1505 αὐτῷ.
921 1458 954 1467 -
978 1414 1012 1489 Ξ
1030 1424 1069 1488 38
1091 1413 1124 1507 (ἦ
1147 1420 1283 1506 διπλῆ).
1305 1470 1313 1485 .
1336 1416 1390 1486 ὅτι

219 1521 344 1611 άθρόσι
359 1524 416 1592 ἐπὶ
430 1529 493 1590 τῶν
506 1528 622 1609 τριῶν·
645 1518 726 1614 άρχὴ
749 1520 811 1610 γάρ
834 1523 905 1592 ἔστι
927 1525 1158 1614 πληθυντικοῦ
1179 1520 1326 1612 άριθμσῦ
1345 1525 1386 1594 τά

217 1629 301 1718 τρία.
337 1635 383 1700 At
402 1635 619 1700 Herodianus:
649 1626 864 1719 Ἀρίσταρχος
889 1629 1036 1714 δασόνει,
1063 1629 1201 1722 φάσκων
1227 1631 1283 1702 ότι
1309 1629 1391 1725 άρχὴ

219 1735 379 1827 πλήθους
400 1735 419 1806 δ
441 1743 526 1823 τρεῖς
547 1733 697 1822 άριθμός
720 1742 825 1827 <quod
846 1765 921 1808 vero
936 1766 995 1808 nec
1015 1744 1165 1810 Lehrsius
1186 1747 1271 1810 inter
1284 1745 1390 1810 Hero·

220 1851 335 1916 dianea
355 1851 478 1934 recepit
499 1872 558 1916 nec
583 1849 747 1928 Lentzius;
775 1873 802 1915 v.
823 1850 946 1915 hentzii
972 1851 1070 1936 praef.
1096 1849 1112 1916 I
1136 1876 1168 1937 p.
1190 1851 1327 1938 LXXX).
1350 1891 1391 1902 -

218 1963 254 2020 N
275 1964 331 2025 191
355 1950 387 2041 (ἡ
411 1955 529 2045 διπλῆ)
552 1953 604 2023 ὅτι
626 1955 756 2047 διῄρηκε
782 1951 884 2044 χρόας
905 1951 977 2023 άντὶ
1003 1965 1061 2023 τοῦ
1081 1954 1179 2044 χριός·
1209 1958 1264 2025 διδ
1287 1953 1411 2042 dopo-⁷

218 2061 383 2151 τονητέσν.
422 2066 468 2131 At
487 2067 658 2151 Didymus:
685 2060 787 2142 οὕτως
808 2060 844 2129 αἱ
861 2058 1077 2149 Ἀριστάρχου
1097 2063 1194 2151 χρόος
1215 2061 1261 2145 ὡς
1281 2065 1389 2151 λόγος·

219 2168 381 2255 βούλεται
410 2168 446 2238 δὲ
475 2171 661 2260 διῃρῆσθαι
689 2170 750 2260 τὴν
776 2167 923 2238 εὐθεῖαν.
977 2172 1163 2260 Ζηνόδοτος
1197 2170 1232 2239 δὲ
1271 2168 1391 2262 γράφει

218 2279 305 2363 χρδς
333 2275 455 2345 ε’ίσατο.
506 2281 629 2346 Eadem
658 2283 827 2347 consensio
862 2282 1082 2348 Aristonicum
1113 2283 1198 2348 inter
1230 2287 1263 2349 et
1289 2284 1390 2369 Didy-

158 2401 213 2470 (10)
222 2413 311 2456 mum
324 2389 375 2455 vel
396 2388 617 2453 Herodianum
639 2389 678 2454 de
693 2389 880 2454 Aristarcho
902 2394 1059 2456 testantes
1086 2392 1126 2453 M
1145 2397 1185 2457 56
1193 2392 1250 2476 <?>.
1272 2396 1308 2454 Ν
1319 2397 1389 2458 359.

222 2493 342 2566 Ξ499.
365 2503 433 2564 500.
471 2499 500 2556 Y
518 2499 566 2562 53.
597 2496 641 2559 Et
661 2519 793 2580 possum
813 2497 907 2581 plura
929 2496 1050 2566 afferre.
1086 2497 1150 2564 Sed
1172 2498 1249 2563 satis
1271 2498 1390 2563 factum

223 2605 346 2690 opinor.

305 2710 458 2796 Sequitur
472 2716 509 2776 ut
529 2712 827 2792 animadvertamus,
849 2713 888 2777 ab
906 2713 1090 2777 Aristonico
1113 2713 1182 2778 sola
1203 2714 1299 2779 tertia
1319 2736 1390 2798 per-

222 2844 302 2887 sona
326 2820 416 2885 verbi
436 2820 571 2884 indicari
592 2820 814 2886 Aristarchum
836 2843 876 2886 ne
899 2821 1028 2885 nomine
1051 2820 1181 2904 quidem
1203 2821 1322 2888 addito.
1364 2822 1392 2885 0

221 2936 281 2998 449
301 2920 508 2993 άθετοδνται
531 2920 637 3006 στίχοι
651 2921 680 3011 χ’
701 2968 751 2992 -.
773 2924 908 3012 ὕστερον
931 2924 967 2991 δὲ
989 2922 1024 2992 ἐν
1044 2929 1115 3004 τοῖς
1135 2925 1293 3013 περὶτοῦ
1314 2951 1392 2992 ναυ-
1487 2998 1489 3003 .

220 3031 375 3117 στάθμου
404 3030 631 3119 ἀπολογεῖται.
668 3037 713 3100 At
734 3033 775 3099 τὰ
797 3033 954 3120 περὶτοῦ
975 3029 1191 3116 ναυστάθμου
1213 3037 1392 3102 Aristarchi

158 3181 161 3186 ·
222 3168 300 3222 esse,
324 3145 441 3208 scimus
464 3166 502 3208 ex
524 3146 558 3205 K
577 3148 626 3210 53.
668 3143 713 3208 Et
738 3143 812 3229 plus
834 3144 1003 3209 duodecim
1028 3147 1194 3228 praeterea
1215 3148 1311 3209 notae
1332 3166 1392 3229 po-

220 3253 301 3319 sitae
322 3249 408 3334 πρδς
426 3248 468 3315 τὰ
487 3249 560 3335 περὶ
580 3252 645 3316 rod
666 3247 891 3333 ναυστάθμου.
932 3255 960 3314 Υ
979 3258 1039 3320 209
1063 3243 1264 3317 abactam
1287 3245 1393 3331 στίχοι

220 3354 261 3439 δ,
289 3355 342 3424 ὅτι
364 3353 635 3440 διεσκευασμένοι
661 3351 742 3423 εἰσίν
765 3397 813 3423 -.
836 3358 890 3422 ἵνα
918 3356 954 3423 δὲ
981 3357 1027 3447 μὴ
1051 3358 1134 3449 δοκῇ
1155 3357 1277 3436 λύσεως
1292 3382 1325 3423 τι
1347 3352 1393 3423 εί-

225 3463 360 3553 ρηκέναι
375 3467 408 3549 (l.
424 3459 642 3553 η’πορηκέναι)
665 3506 713 3531 -.
735 3466 958 3532 Aristarchum
974 3469 1140 3552 significat.
1175 3468 1300 3534 Eodem
1320 3490 1393 3552 per-

222 3577 305 3641 tinet
328 3575 415 3660 quod
436 3568 641 3640 άθετοδνται
663 3574 766 3640 dicere
788 3575 871 3640 solet
892 3575 1093 3659 simpliciter,
1115 3575 1314 3661 intelligens:
1334 3568 1390 3638 ὑπ)

221 3676 434 3765 Ἀριστάρχου
457 3685 497 3764 (v.
519 3681 618 3749 Wolf.
641 3706 672 3767 p.
695 3681 882 3765 CCLXXII).
923 3682 1018 3747 Patet
1045 3684 1109 3747 iam
1131 3705 1170 3748 ex
1190 3683 1230 3748 iis
1252 3683 1392 3759 scholiis

224 3793 341 3876 quihus
359 3791 530 3875 postremis
545 3791 596 3855 usi
618 3812 736 3856 sumus.
771 3790 867 3855 Patet
889 3812 928 3855 ex
949 3788 1028 3869 aliis,
1050 3795 1087 3855 ut
1109 3793 1139 3852 B
1153 3796 1213 3857 529
1229 3790 1268 3857 cl.
1290 3792 1394 3858 1395.

103 3977 106 3981 y
223 3903 252 3962 Σ
264 3908 334 3967 444.
368 3897 439 3965 Nec
459 3898 585 3964 videtur
607 3920 676 3964 esse
698 3920 754 3963 cur
773 3898 1027 3982 praetermittam
1054 3900 1086 3960 Ψ
1105 3904 1153 3965 91.
1177 3902 1245 3966 806.
1268 3903 1337 3966 822.
1353 3936 1393 3944 —

224 4009 255 4070 Λ
272 4015 329 4075 117
344 3999 529 4070 άθετεῖται.
564 4007 616 4072 Ah
631 4006 817 4071 Aristarcho
833 4005 954 4070 factum
976 4027 1044 4070 esse
1067 4005 1216 4070 discimus
1238 4027 1277 4071 ex
1291 4005 1393 4089 Apol-

223 4103 312 4181 lonio
334 4115 394 4180 lex.
410 4113 507 4179 Hom.
528 4136 552 4179 s.
569 4108 662 4197 ἕρμα.
690 4112 760 4180 Nec
774 4114 808 4179 in
828 4113 879 4178 his
900 4112 1019 4178 diutius
1033 4113 1190 4180 morabor.
1223 4113 1272 4179 De
1286 4136 1394 4198 προη-

224 4224 384 4288 θετσῦντσ
405 4213 460 4285 ὑπ’
482 4213 745 4307 Ἀριστοφάνους
764 4220 816 4286 vel
839 4222 1083 4305 προηθιτοῦντσ
1105 4213 1173 4287 ὑπὸ
1193 4218 1390 4306 Ζηνοδότου,

224 4352 289 4415 quo
311 4330 486 4396 sexcenties
508 4329 645 4414 scriptor
666 4332 777 4394 noster
796 4330 907 4407 utitur,
932 4350 996 4413 quo
1013 4330 1081 4413 ipse
1101 4331 1239 4394 testatur
1252 4329 1393 4394 Aristar·
