3008 4980
219 304 279 367 250
669 300 715 355 IV.
739 300 781 355 De
799 298 935 370 prosodia.

220 485 331 551 φωνος
352 454 435 530 οὖσα
459 462 543 531 κατὰ
564 465 679 556 φωνὴν
704 464 739 533 έν
758 471 806 555 τῶ
828 460 917 553 αἰτῶ
938 459 1078 552 ἀριθμῶ
1098 461 1235 544 πάντας
1255 463 1380 533 καὶτὸν

219 563 318 638 αὐτὸν
343 565 439 638 τόνον
460 569 656 662 ἐπιφέρεται
678 569 904 664 <οἰποφίρεται
925 597 1004 642 corr.
1024 575 1203 660 tensius),
1228 566 1262 639 oi
1280 577 1381 654 ταχεῖς

216 677 294 756 τοὺς
314 683 430 759 ταχεῖς.
460 674 489 745 εἰ
512 677 589 768 δέῆ
614 675 732 748 εἰθεῖα
755 677 913 764 ὀξύνεται,
937 676 1070 758 πάντως
1091 679 1148 748 καί
1168 677 1190 768 ῆ
1208 675 1380 768 αἰτιατική.

218 783 275 850 διὰ
303 790 400 853 τοῦτο
431 779 489 854 οὖν
513 783 533 876 ῆ
561 786 621 872 μέν
647 784 733 855 αἰδῶ
755 784 921 877 αἰτιατικῆ
944 786 1002 855 καί
1020 782 1073 876 ῆῶ
1092 786 1139 876 μῆ
1165 782 1380 873 κρατούμεναι

217 888 283 961 Ιὑπό
304 897 361 981 τῆς
381 891 636 979 συνεμπτῶσεως
657 896 740 963 κατὰ
760 896 821 987 τῆν
842 892 979 964 εὐθεῖαν
999 899 1229 981 περισπῶνται
1252 890 1381 977 κατεχό-

215 1024 314 1084 μενοι
334 1007 381 1089 τῶ
402 999 490 1090 λόγῳ
511 1008 571 1090 τῆς
594 1005 808 1094 συναλοιφῆς,
832 999 890 1086 οὐχ
910 1001 976 1071 ὑπὸ
1005 1009 1065 1071 τοῦ
1088 1007 1260 1070 πτωτικοῦ
1283 1027 1380 1090 χαρα-

217 1113 344 1196 κτῆρος.
380 1105 401 1198 ῆ
418 1107 455 1177 δέ
468 1105 574 1199 Λητιό
589 1111 646 1180 καί
659 1107 780 1191 Πυθῶ,
797 1110 918 1199 καίπερ
933 1115 964 1197 (l
978 1108 1149 1197 καθάπερ)
1168 1106 1381 1195 κατεχόμενοι

216 1212 283 1282 ὑπὸ
311 1225 369 1306 τῆς
398 1215 654 1302 συνεμπτῶσεως
683 1224 894 1309 τῆςφωνῆς,
924 1217 1115 1302 κατέχονται
1141 1218 1199 1285 καί
1226 1223 1278 1305 τῷ
1301 1214 1380 1306 τόνῳ

218 1327 269 1409 (of.
292 1327 332 1392 ad
354 1331 374 1390 Ι
393 1331 474 1411 240).

300 1435 400 1502 Vides
426 1437 504 1520 quid
532 1437 587 1501 alii
613 1441 645 1502 et
670 1438 732 1523 ipsi
752 1439 929 1504 Alistarehi
956 1438 1103 1523 discipuli
1128 1442 1166 1503 ut
1191 1438 1303 1504 omnia
1322 1460 1382 1503 una

218 1544 385 1628 analogiae
406 1543 478 1629 lege
501 1544 741 1612 continerentur
761 1546 935 1611 machinati
956 1546 1028 1610 sint
1056 1543 1264 1610 Alistarohus
1285 1544 1381 1610 offen·

135 1654 205 1724 (261)
220 1674 275 1717 sus
296 1656 345 1716 est
370 1654 504 1717 accentu
525 1644 586 1736 ῆῶ,
611 1645 707 1730 αἰδῶ,
733 1654 789 1737 qni
810 1654 1006 1737 reliquorum
1028 1651 1232 1717 similitudini
1252 1673 1320 1717 non
1333 1674 1380 1716 re·

217 1758 412 1844 spondebat:
439 1763 581 1824 attamen
604 1759 749 1840 adscivit,
775 1761 859 1826 unde
881 1761 1000 1826 nisiex
1020 1762 1102 1824 usu?
1136 1758 1380 1844 Peropportune

218 1867 311 1931 offert
341 1888 375 1931 se
403 1865 495 1931 loeus
524 1867 691 1951 Apollonii
721 1867 853 1953 Dyscoli
880 1868 919 1932 de
949 1889 1039 1952 pron.
1068 1864 1160 1948 112¹),
1190 1888 1256 1952 quo
1284 1866 1383 1951 magio

217 1974 314 2039 etiem
339 1996 390 2039 res
417 1973 451 2038 in
479 1974 650 2059 propatulo
677 1975 731 2040 sit:
760 1966 870 2051 όίλλως
894 1996 929 2038 τε
951 1972 992 2037 τὰ
1013 1967 1061 2051 εἰς
1080 1996 1107 2038 ω
1129 1967 1275 2060 λήγοντα
1296 1996 1382 2037 πτω·

215 2078 291 2145 τικόι
312 2074 450 2157 κλίσεως
469 2075 670 2164 τυγχάνοντα
688 2074 810 2146 οόποτε
824 2078 1059 2164 περισπασμὸν
1072 2074 1260 2161 ἀνεδέξατο.
1282 2079 1383 2165 τούτῳ

217 2184 350 2273 γὰρτῷ
375 2181 464 2273 λόγῳ
490 2185 546 2253 καί
572 2183 591 2274 ῆ
621 2183 683 2252 νεῶ
711 2187 823 2275 γενικῆ
850 2180 1061 2276 ῶξιτονῆθῆ,
1088 2188 1173 2271 μετὰ
1195 2186 1253 2254 καί
1274 2182 1383 2254 ι’ίλλων

217 2289 323 2379 λόγων
343 2297 403 2381 τῆς
424 2297 554 2381 γενικῆς
572 2292 630 2362 τὸν
651 2294 886 2380 περισπασμὸν
907 2290 1125 2383 ἀπαιτούσης·
1143 2293 1201 2361 καί
1216 2293 1256 2362 τό

425 2400 528 2489 Λητῶ
551 2400 612 2488 γὰρ
632 2399 755 2491 ῆλκησε

217 2507 332 2577 καὶτὸ

426 2613 572 2684 Πυθώδ’
597 2616 772 2707 ἐρχομένην

217 2725 337 2793 καὶτὰ
358 2719 489 2804 τούτοις
513 2723 748 2816 παραπλήσια,
776 2721 838 2793 κδν
857 2726 896 2795 τὸ
919 2724 1045 2805 ἐντελές
1065 2722 1164 2807 ἔχωσι
1186 2722 1311 2814 Λητόα
1331 2722 1385 2791 καὶ

217 2829 361 2914 Παθόα,
390 2827 579 2919 ἀναγκαίως
603 2830 745 2924 ῶξύνθη.
790 2834 885 2901 ἕνεκα
911 2834 973 2921 γὰρ
1003 2831 1122 2902 τούτου
1148 2831 1205 2900 καὶ
1233 2829 1385 2901 διστόσαι

217 2941 275 3012 τόν
293 2937 507 3029 Ἀρίσταρχόν
529 2966 614 3029 φασι
634 2942 712 3029 περὶ
732 2947 791 3009 τοῦ

425 3044 478 3138 ῆῶ
496 3050 571 3116 δῖαν
591 3046 700 3134 ἐζιιεινε
721 3047 855 3138 (ἔμιμνε
875 3056 896 3116 Ι
914 3053 999 3138 662>,

219 3156 310 3224 καθὸ
344 3162 374 3242 (l
402 3154 526 3243 καίτοι)
552 3149 595 3244 ῆν
624 3156 662 3226 τὸ
690 3156 816 3237 ἐντελές
840 3153 907 3246 ῆόα
933 3161 954 3226 i.
981 3184 1007 3228 e.
1034 3183 1230 3245 quamquam
1258 3161 1386 3246 propria

219 3270 322 3334 forma
344 3272 412 3334 erat
432 3260 498 3353 ῆόα
519 3291 624 3352 neque
646 3271 719 3334 ideo
740 3269 877 3334 mirandi
898 3291 994 3335 causa
1013 3272 1082 3333 erat
1102 3269 1165 3333 nisi
1185 3292 1224 3334 ex
1245 3270 1385 3355 reliquo-

217 3399 289 3442 rum
309 3376 469 3463 analogia.

302 3485 456 3551 Similiter
482 3486 584 3569 igitur
614 3485 819 3551 iudicandum
841 3487 902 3551 erit
922 3487 960 3551 de
983 3477 1101 3561 θιόων,
1131 3479 1253 3565 δμῶων
1272 3484 1385 3551 simili-

220 3594 344 3677 busque
371 3592 534 3678 genitivis3
570 3593 609 3657 de
638 3593 755 3677 quibus
780 3593 984 3659 Herodianus
1017 3593 1156 3678 explieat
1185 3592 1227 3656 οδ
1253 3595 1289 3653 N
1316 3596 1386 3659 103:

219 3696 257 3764 τὸ
273 3695 311 3763 δὲ
325 3696 428 3763 θῶων
441 3694 526 3765 ἔνιοι
540 3703 758 3784 περισπῶσιν,
779 3694 819 3764 ἵν’
837 3697 982 3789 όμοτονῆ
995 3703 1041 3785 τῶ
1056 3701 1172 3785 θηρῶν
1192 3695 1252 3762 καὶ
1271 3700 1385 3763 κανῶν.

221 3803 326 3883 οὕτως
351 3803 388 3872 δέ
417 3804 474 3871 καί
495 3800 708 3890 Ἀρίσταρχος
733 3804 952 3894 προφέρεται,
988 3805 1137 3893 Διοκλῆς
1163 3802 1221 3870 καὶ
1249 3801 1269 3870 ό
1297 3804 1389 3892 Θρᾷξ

219 3909 401 3991 mortono
421 3910 467 3991 ῶς
486 3912 680 4000 βαρύνοντος
698 3914 759 4003 τῆν
780 3914 878 3997 λέξιν.
897 3959 937 3967 -
955 3917 1043 3982 Haec
1066 3917 1217 3999 corrupta
1236 3917 1327 3993 sunt,
1349 3916 1387 3977 nt

220 4026 312 4109 patet
339 4046 378 4088 ex
405 4023 506 4089 altero
528 4025 699 4092 soholffl:
724 4017 937 4109 Ἀρίσταρχος
962 4019 1098 4108 βαρύνει
1120 4020 1159 4088 τὸ
1186 4016 1304 4099 θῶκον,
1331 4016 1387 4085 καί

155 4140 204 4192 254
222 4124 366 4216 ἐπείσθη
387 4125 408 4216 'l
431 4125 631 4213 παράδοσις·
654 4125 673 4198 ό
697 4128 734 4196 δέ
754 4127 940 4218 Πάμφιλος
961 4133 1111 4218 περισπᾷ
1129 4130 1182 4213 (of.
1203 4130 1297 4197 Eunt
1318 4134 1387 4205 922

288 4370 344 4411 ¹⁵⁸·
361 4366 435 4435 ςΗοο
451 4364 603 4420 Herodiani
621 4368 671 4430 est,
688 4383 746 4422 non
764 4366 905 4422 alterum?x
