3008 4980
542 372 565 423 2.
588 367 630 423 De
647 365 898 438 intercapiratione
1246 373 1304 436 321

134 529 208 602 et'
197 537 251 601 ιοῦ
276 539 400 602 veteres
425 536 607 622 praecipere
633 541 692 604 not
692 561 747 603 um
776 542 832 604 est.
853 535 1021 603 —Schol
1043 534 1123 602 Ven.
1146 538 1245 602 1262
1268 534 1306 599 de
1346 596 1352 610 ,

134 632 191 707 εἷα
212 643 304 728 loqui
325 643 459 724 videtur,
480 666 547 710 non
570 647 607 710 nt
627 645 870 712 Bekkerust
811 649 904 732 putat
871 632 1017 711 at'de
987 637 1049 708 ειὰ.
1072 685 1110 697 --

218 749 284 818 Sed
308 750 343 815 in
369 750 507 837 singulis
528 754 756 837 pemoscendis
777 774 974 840 magnopere
996 752 1172 818 cavendnm
1195 754 1306 815 estne

131 859 176 924 ad
195 857 345 923 inutilem
364 857 416 923 vel
439 859 536 924 etiam
557 861 700 947 ineptam
723 860 960 926 accurationem
982 858 1174 924 delabamur.
1212 857 1307 935 Quod

132 965 330 1051 quibusdam
343 970 487 1032 veterum
503 969 654 1034 accidisse
675 968 813 1035 fortasse
834 990 901 1034 non
919 967 1037 1032 iniuria
1051 966 1111 1031 tibi
1125 965 1306 1050 intelligere

132 1073 274 1138 videaris
296 1095 335 1138 ex
356 1072 419 1140 hoe
440 1074 513 1140 loco
528 1075 658 1161 Apuleii
681 1076 718 1142 de
742 1079 809 1142 not.
824 1077 918 1162 aspir.
933 1082 972 1142 45
987 1098 1018 1162 p.
1036 1081 1108 1142 117:
1128 1073 1202 1138 Aha
1222 1094 1306 1152 vero,

130 1181 231 1262 naha,
260 1181 357 1262 naha,
385 1181 447 1248 ohe
475 1186 507 1248 et
533 1183 560 1248 si
587 1205 669 1268 quae
691 1188 768 1249 sunt
788 1184 871 1250 aliae
892 1182 1145 1262 interiectiones,
1171 1180 1306 1266 quaein

129 1289 241 1355 medio
264 1289 459 1374 aspirantur,
486 1291 591 1377 gratia
611 1291 853 1376 significationis
874 1291 1008 1376 aspirari
1030 1290 1191 1356 dicuntur:
1224 1289 1308 1353 sicut

130 1398 232 1463 etiam
259 1397 401 1462 eiusdem
429 1398 673 1484 significationis
704 1420 801 1466 cansa
827 1384 984 1485 quaedam
1004 1399 1040 1464 in
1060 1398 1178 1482 capite,
1206 1418 1305 1480 quae-

131 1507 208 1571 dam
237 1505 272 1570 in
292 1507 355 1570 fine
376 1506 569 1591 aspirantur,
594 1509 631 1572 ut
651 1506 730 1591 heu,
757 1507 809 1573 oh.
851 1506 925 1592 Ipse
952 1507 1038 1573 enim
1063 1503 1214 1585 affectus,
1241 1526 1305 1588 quo

130 1613 373 1680 interiectiones
386 1618 587 1700 promuntur,
609 1615 697 1701 cogit
712 1638 765 1681 eas
786 1615 949 1681 interdum
970 1613 1191 1699 praeaspirari.
1227 1609 1305 1679 Non

132 1722 221 1787 enim
247 1721 288 1786 ad
312 1722 467 1806 placitum
494 1726 571 1788 sunt
587 1745 681 1788 verae
702 1722 956 1804 interiectiones,
977 1722 1065 1787 velut
1087 1725 1210 1786 ceterae
1233 1741 1305 1785 ora-

131 1829 232 1894 tionis
247 1828 414 1912 dictiones,
435 1831 491 1896 sed
511 1830 684 1912 naturales,
705 1832 790 1897 unde
813 1832 910 1897 etiarn
933 1830 1078 1896 omnium
1099 1832 1175 1894 sunt
1198 1827 1306 1892 natio-

132 1959 212 2002 num
233 1936 395 2003 interdurn
416 1939 668 2005 communes²³⁴.
695 1978 736 1987 —
763 1939 827 2006 Sed
851 1937 941 2004 illinc
967 1937 1131 2004 abnormis
1153 1935 1305 2020 aspiratio

132 2043 166 2108 in
190 2035 271 2123 εὐοῖ,
296 2037 373 2110 εὐᾶν
394 2045 577 2131 explicatur.

200 2247 239 2288 ²³4
256 2243 374 2301 Omnino
387 2244 462 2302 enim
473 2262 531 2302 non
541 2248 674 2318 poterant
686 2246 786 2302 curiosi
798 2247 924 2303 homines
936 2246 967 2302 in
984 2246 1077 2302 sobria
1094 2243 1200 2316 egregii
1217 2261 1306 2315 gram-

135 2328 233 2384 matici
250 2329 378 2385 doctrina
399 2329 585 2400 acquiescerc;
609 2331 659 2387 sed
676 2331 712 2386 ab
729 2331 971 2388 interiectionibus
988 2332 1026 2386 ad
1042 2332 1176 2392 verbaet
1192 2330 1307 2386 nomina

133 2414 332 2470 transferentes
344 2432 434 2485 paene
446 2414 610 2472 incredibile
623 2418 665 2470 est
683 2416 719 2472 ad
737 2420 856 2487 quantas
872 2415 994 2495 ineptias
1012 2415 1099 2493 delati
1115 2413 1228 2470 fuerint.
1258 2416 1303 2468 At·

131 2501 228 2554 tamen
238 2498 308 2555 haec
320 2515 431 2575 quoqne
448 2499 582 2556 historiae
598 2501 794 2570 grammatices
812 2500 984 2557 amatoribus
1000 2499 1154 2556 iucundum
1171 2500 1226 2556 erit
1243 2515 1305 2568 cog-

132 2599 253 2638 noscere.
287 2583 388 2639 Lenius
408 2584 591 2641 indicandum
609 2587 645 2642 de
661 2585 770 2654 hinnio,
795 2586 871 2657 qnod
888 2584 1057 2656 „aspiratnr‚
1075 2584 1223 2663 quiacnm
1240 2601 1305 2653 aug-

132 2670 229 2723 mento
246 2667 359 2738 spiritus
377 2669 504 2726 hinnitus
521 2671 679 2743 profertur“
700 2669 794 2742 (Apul.
813 2688 871 2741 asp.
889 2676 904 2738 ξ
921 2671 974 2742 28).
1008 2669 1063 2724 Vix
1084 2670 1138 2726 hoc
1160 2669 1306 2724 ferendum

132 2751 228 2822 (Apul.
245 2751 326 2822 aspir.
345 2754 401 2825 42);
425 2753 468 2821 „U
489 2759 556 2812 ante
580 2756 591 2810 l
612 2756 753 2828 aspiratur
769 2755 800 2810 in
816 2754 926 2820 hululo,
950 2754 1083 2825 quoniam
1100 2754 1136 2809 ab
1154 2753 1205 2808 hui
1222 2753 1306 2808 inter-

130 2834 252 2892 iectione
270 2835 382 2894 oritnr‘.
398 2866 400 2870 ·
416 2837 486 2910 Ειξ
505 2845 548 2896 38:
575 2841 696 2908 „Horreo
714 2840 867 2911 aspiratur,
885 2844 918 2896 ut
934 2839 994 2910 ipse
1012 2837 1189 2910 aspirationis
1207 2838 1304 2892 horror
1322 2848 1371 2898 326

131 2938 195 2975 cum
213 2919 337 2976 eiusdem
353 2923 433 2978 verbi
450 2923 653 2994 significatione
670 2925 843 2981 concordet“
874 2924 950 2980 Haec
966 2919 1034 2980 vero
1050 2924 1107 2978 iam
1124 2924 1304 2979 vehementer

130 3004 262 3072 ridicula,
281 3022 353 3075 quae
370 3007 458 3064 tradit
467 3012 490 3080 ι
507 3015 548 3066 39.
584 3010 690 3066 Vocem
706 3010 817 3066 hostis
834 3008 1012 3081 aspirandam
1030 3026 1096 3064 esse.
1132 3007 1305 3073 .,Οοιιιοιι1ιι
1364 3014 1367 3050 i

131 3089 244 3145 etinm'
235 3107 266 3143 m
282 3090 336 3147 hoc
353 3091 467 3149 nomine
484 3094 660 3165 aspirationis
678 3095 789 3166 signum
806 3113 870 3151 curn
887 3111 929 3162 re,
954 3111 1027 3164 qnae
1044 3093 1224 3164 significatur.
1260 3091 1305 3146 Ita

131 3173 208 3230 enirn
235 3174 375 3245 effigiatur
401 3179 470 3232 nota
496 3179 673 3251 aspirationis
695 3181 848 3236 secundum
870 3183 993 3236 veterem
1014 3178 1194 3250 scripturam,
1224 3193 1303 3247 quasi
1296 3175 1386 3246 (341)

131 3259 229 3330 biceps
246 3258 356 3355 gladius
372 3260 446 3318 inter
464 3262 533 3318 duas
549 3264 664 3320 hostiles
681 3269 799 3337 partes.“
836 3266 889 3336 Ap
906 3261 1304 3335 §6:Ooncordatetiam1n

130 3343 186 3398 hoc
197 3343 316 3411 nomine,
335 3345 410 3414 quod
422 3350 464 3403 est
475 3348 567 3416 homo,
586 3349 764 3421 aspirationis
775 3354 844 3406 nota
856 3367 919 3405 cum
930 3366 960 3404 re
972 3349 1136 3420 significata.
1166 3345 1304 3414 Quoniam

131 3427 208 3482 enim
224 3427 277 3483 hoc
294 3446 397 3486 nomen
414 3436 528 3502 praeter
545 3433 722 3504 aspirationis
740 3436 851 3506 signum
868 3437 968 3490 notum
986 3435 1074 3489 estin
1092 3434 1164 3490 facie
1182 3431 1303 3489 hominis

130 3510 233 3578 notari,
250 3515 318 3569 nota
334 3515 510 3585 aspirationis
522 3535 632 3575 annexa
643 3537 763 3590 signum
766 3521 808 3575 est
820 3518 931 3575 d1v1nae
944 3519 1064 3576 hominis
1074 3519 1158 3575 famer
1169 3533 1303 3582 annexae
1359 3579 1360 3582 Ἴ

132 3597 168 3653 de
187 3613 244 3666 qna
265 3597 337 3654 facie
359 3599 494 3673 scriptum
512 3606 578 3669 est,
580 3606 617 3669 ,et
633 3603 807 3676 inspiravit
798 3623 829 3659 m
845 3603 948 3660 faciem
965 3605 1024 3660 eius
1041 3593 1183 3676 speculum
1200 3603 1303 3659 vitae.“

131 3681 172 3738 Id
184 3684 251 3752 944,
269 3682 319 3738 nbi
330 3683 365 3739 de
381 3674 551 3757 aspiratime
568 3688 751 3746 barbarorum
768 3691 969 3747 vocabulorum
985 3690 1116 3761 loquitur,
1135 3705 1254 3784 quorum
1271 3704 1305 3742 ea

131 3782 189 3822 esse
201 3767 359 3837 aspiranda,
377 3787 449 3839 qnae
466 3772 529 3827 ab
520 3773 587 3844 ipsis
603 3773 773 3873 linguarum,
791 3776 867 3832 unde
884 3776 970 3832 ducta
986 3777 1051 3844 sint,
1069 3774 1164 3846 peritis
1183 3772 1304 3844 aspiren-

130 3854 190 3907 tur:
209 3849 255 3906 Sic
270 3851 426 3921 Heinricus,
443 3856 614 3915 Humbertus
632 3860 782 3930 „quoniam
799 3864 909 3918 constat
925 3860 1093 3917 testimoniis
1110 3859 1234 3916 eiusdem
1250 3857 1304 3911 lin·

130 3952 204 4006 gnae
223 3937 386 4008 peritorum,
404 3942 481 4010 qnod
497 3943 568 3999 haec
585 3945 700 4000 nomina
717 3947 753 4002 ab
768 3946 873 4002 eisdem
884 3944 1074 4016 Transalpinis
1089 3963 1146 4000 non
1163 3944 1223 4000 sine
1234 3941 1304 4013 aspi·

130 4019 241 4077 ratione
261 4021 374 4094 spiritus
395 4026 581 4095 proferantur.
616 4029 687 4088 Sunt
709 4033 806 4086 tamen
829 4032 878 4101 qui
894 4033 999 4102 putant
1016 4030 1152 4087 eiusmodi
1168 4027 1305 4086 vocabula

132 4104 308 4176 egregiorum
329 4108 450 4167 virorum
473 4112 566 4184 gratia
588 4112 810 4189 aspirari3·-‘rdeo
833 4116 908 4185 qnod
928 4115 1022 4187 ipsum
1042 4115 1172 4187 generale
1193 4113 1306 4171 honoris

131 4190 299 4247 vocabulum
315 4210 373 4250 non
390 4195 449 4252 sine
467 4197 637 4269 aspiratione
653 4203 793 4257 notatur.“
827 4201 938 4258 Festus:
961 4201 1069 4270 „Heluo
1088 4200 1180 4257 dictus
1197 4201 1239 4255 est
1256 4199 1305 4252 irn-

130 4275 275 4332 moderate
296 4277 373 4334 bona
393 4297 443 4336 sna
467 4299 643 4350 consumens,
666 4285 703 4340 ab
726 4284 854 4344 eluendo.
889 4286 940 4342 Oui
962 4285 1114 4358 aspiratur,
1137 4289 1170 4341 nt
1186 4283 1305 4339 ariditas

130 4358 220 4430 magis
237 4362 432 4434 exprobretur:
451 4365 483 4422 fit
503 4367 578 4423 enim
594 4385 649 4424 vox
666 4370 835 4428 incitatior.“
860 4371 937 4427 Haec
955 4376 1020 4427 sunt
1038 4373 1073 4428 de
1091 4371 1198 4443 spiritu.
1228 4372 1305 4439 Quae

131 4445 266 4516 pleraque
288 4465 346 4504 non
373 4449 522 4522 antiquum
545 4455 689 4511 auctorem
711 4455 819 4514 habent
840 4456 890 4512 sed
911 4455 1045 4527 antiquae
1068 4455 1211 4513 doctrinae
1232 4460 1304 4512 sunt.

182 4533 291 4586 heheu,
306 4535 442 4582 Aristaroh.
1064 4547 1095 4598 21
