3008 4980
214 329 235 379 1.
254 323 327 390 Quid
343 326 409 379 ante
427 323 619 378 Aristarchum
637 322 667 377 in
683 322 737 377 hac
754 322 899 394 interpret.
917 323 1082 393 praestitum
1099 323 1236 379 videatur.
1268 334 1308 396 37

145 498 248 574 stans,
273 514 332 556 nec
353 492 542 557 Homericas
565 490 687 574 glossas
709 492 789 556 scire
809 493 964 578 coarguit.
1000 494 1055 559 Ar.
1077 493 1191 578 fragm.
1213 493 1309 560 Dind.

143 624 174 686 p.
196 609 233 668 41
258 600 412 686 <Meinelc
432 597 527 685 frgm·
550 621 631 664 com.
655 597 757 665 Grss
779 606 797 665 2
818 623 849 684 p.
868 600 963 684 1031>

143 705 229 795 πρὸς
248 709 352 772 ταῦτα
372 704 411 771 σὺ
434 703 529 786 λέξον
546 699 742 794 (Ομηρείους
763 700 913 792 γλώττας,
935 701 969 770 τί
986 706 1127 773 καλοῦσι
1140 704 1309 793 κόρυμβα,·

144 822 177 884 et
442 809 476 878 τύ
496 807 629 880 καλούά
650 807 796 900 άμενηνὰ
816 812 996 901 κάρηνα·20

145 924 333 1003 Quaerimus
360 923 460 1010 igitur
480 923 578 988 fuerit
598 922 721 1006 aliquid
743 945 782 988 ex
801 923 852 987 his
873 925 1102 1011 magistrorum
1123 926 1310 1011 explicatio-

144 1033 238 1097 nibus
261 1033 379 1116 scripto
402 1031 569 1108 traditum,
591 1030 679 1114 quod
700 1030 741 1095 ad
760 1031 1050 1097 Alexandrinorum
1070 1037 1217 1117 tempora
1237 1056 1311 1118 per-

143 1139 276 1207 venerit.
313 1139 385 1204 Hoc
410 1139 532 1204 factum
557 1160 626 1202 esse
653 1137 714 1203 aio.
750 1137 1048 1205 commemorantur
1078 1144 1110 1206 et
1130 1140 1312 1205 refutantur

144 1250 184 1313 ab
212 1247 399 1313 Aristarcho
426 1246 553 1330 saepius
579 1245 635 1329 qui
665 1246 827 1310 communi
853 1247 983 1313 nomine
1010 1248 1159 1312 dicuntur
1186 1248 1310 1334 glosso-

144 1355 266 1442 graphi.
302 1354 374 1419 Hoc
388 1353 517 1419 nomine
539 1353 625 1418 docti
639 1353 858 1433 Alexandrini,
876 1355 903 1418 si
925 1355 981 1439 qui
1002 1359 1076 1420 ante
1091 1357 1311 1422 Aristarchum

144 1463 267 1550 glossas
289 1463 490 1547 scripserant,
511 1465 548 1526 ut
561 1460 711 1540 Philetas,
733 1461 966 1546 Aristophanes
987 1465 1193 1548 (quamquam
1213 1465 1248 1528 hi
1270 1487 1310 1530 ne

143 1568 331 1635 Homericos
351 1570 481 1654 quidem
495 1568 619 1655 glossas
640 1569 841 1653 scripserant,
864 1591 946 1653 quae
968 1570 1055 1636 solae
1072 1569 1138 1636 illis
1159 1572 1239 1637 locis
1260 1594 1312 1637 re-

143 1679 223 1763 spici
237 1679 396 1762 videntur)
420 1678 476 1742 sed
494 1677 548 1741 isti
564 1677 738 1762 significari
756 1699 823 1741 non
843 1681 988 1762 possunt,
1009 1677 1097 1762 quod
1118 1681 1150 1744 et
1170 1678 1312 1744 illustres

144 1786 345 1872 grammatici
371 1807 429 1851 suo
458 1785 594 1868 quisque
621 1785 751 1850 nomine
771 1785 934 1851 refutandi
956 1789 1047 1850 erant
1067 1807 1127 1851 nec
1145 1785 1180 1849 hi
1203 1786 1241 1851 de
1262 1790 1313 1852 tot

144 1894 310 1960 vocabulis
321 1915 422 1958 unum
436 1893 585 1976 idemque
605 1893 750 1958 attulisse
765 1892 916 1958 censendi
931 1897 1007 1958 sunt
1019 1895 1208 1978 praesertim
1222 1895 1312 1961 falsa.

147 2002 240 2080 Quod
258 2003 285 2066 si
308 2002 359 2066 cui
381 2001 562 2086 argumenti
583 2022 650 2064 non
672 2000 749 2065 satis
770 2000 896 2065 videtur
918 2001 953 2093 is.
967 2001 1054 2085 ipsas
1074 2001 1205 2067 illorum
1225 2003 1314 2088 glos·

146 2108 378 2194 sographorum
407 2107 689 2193 interpretationes
719 2107 884 2191 inspiciat:
920 2108 1030 2173 statim
1055 2108 1216 2194 intelliget
1246 2114 1313 2174 tam

144 2217 282 2301 pueriles
307 2217 342 2281 in
364 2215 557 2300 explicandis
579 2216 712 2280 vocibus
733 2214 916 2280 Homericis
938 2238 1060 2282 errores
1082 2240 1148 2282 non
1169 2217 1313 2302 potuisse
1325 2219 1379 2290 (44)

145 2326 207 2389 nisi
229 2346 267 2389 ea
288 2327 392 2389 aetate
415 2323 561 2408 grassari,
584 2345 665 2406 quae
688 2323 776 2386 omni
798 2323 962 2387 doctrinae
984 2328 1139 2409 apparatu
1160 2325 1315 2390 destituta

145 2455 211 2498 non
230 2432 373 2498 locorum
390 2432 629 2516 comparatione
649 2453 778 2496 sensum
796 2430 1028 2496 vocabulorum
1047 2433 1236 2516 exquireret,
1258 2433 1315 2498 sed

146 2541 302 2626 quidquid
322 2541 461 2624 primum
480 2540 620 2604 intuenti
642 2561 754 2603 sensus
775 2536 922 2624 flagitare
940 2538 1110 2618 videretur,
1129 2540 1163 2603 id
1183 2562 1242 2624 pro
1264 2539 1314 2604 in-

145 2648 374 2734 terpretatione
397 2648 559 2732 arriperet.
595 2649 624 2709 Σ
639 2654 699 2715 540
721 2643 852 2732 νεαρούς
871 2637 896 2710 τ’
919 2639 1074 2732 ἀλλήλων
1098 2641 1192 2729 έρυον
1213 2670 1315 2712 κατα-

85 2784 86 2787 “
144 2757 348 2842 τεθνηῶταςε
374 2749 405 2842 (ἡ
429 2753 545 2843 διπλῆ)
567 2751 615 2821 ὅτι
637 2750 694 2819 ἐπὶ
715 2757 781 2817 τῶν
800 2749 961 2819 τοιούτων
979 2746 1093 2820 τύπων
1114 2748 1147 2819 οἱ
1167 2753 1315 2838 γλωσσο-

145 2858 271 2951 γράφοι
284 2860 418 2947 νεκροὺς
430 2860 508 2940 τοὺς
520 2858 615 2940 νέους
628 2857 799 2944 ὑπέλαβον
817 2856 988 2945 λέγεσθαι.
1013 2900 1048 2911 -
1075 2864 1108 2924 Ψ
1123 2869 1161 2930 16
1180 2854 1314 2928 δεύοντο

144 2967 318 3059 ψάμαθοι,
342 2966 474 3037 δεύοντο
490 2967 528 3036 δὲ
540 2962 655 3051 τεύχεα
677 2971 797 3057 φωτῶν
819 2962 970 3055 δάκρυσι·
989 2970 1082 3034 τοῖον
1102 2967 1164 3054 γὰρ
1186 2968 1316 3037 πόθεον

145 3075 301 3170 μήστωρα
321 3074 464 3168 φόβοιοτ
485 3073 517 3167 (ἡ
541 3076 656 3166 διπλῆ)
679 3072 731 3143 ὅτι
755 3070 932 3164 αὐξητικῶς
952 3074 990 3142 τὸ
1011 3079 1117 3162 τοῖον,
1137 3071 1195 3158 οὐχ
1216 3071 1262 3154 ὡς
1283 3071 1316 3143 οἱ

147 3182 402 3273 γλωσσογράφοι
433 3180 584 3266 ἀξιοῦσιν
612 3179 755 3270 ἀγαθόν.
799 3185 891 3251 Eust.
919 3184 1023 3255 6206
1049 3180 1142 3251 τοίου
1167 3182 1227 3272 γὰρ
1259 3182 1317 3250 καὶ

146 3290 281 3378 πατρός,
302 3285 323 3360 d
339 3292 396 3361 καὶ
409 3290 603 3377 πεπνυμένα
618 3289 745 3377 βάζεις·
764 3286 872 3358 ἰστέον
888 3287 940 3359 ὅτι
953 3290 991 3358 τὸ
1006 3285 1100 3358 τοίου
1115 3290 1174 3378 γὰρ
1189 3289 1317 3377 πατρός

147 3397 180 3469 οἱ
193 3397 450 3489 γλωσσογράφοι
468 3396 540 3468 άντὲ
553 3406 612 3470 τού
628 3395 763 3488 ἀγαθοῦ
778 3422 891 3486 φασιν,
914 3395 960 3478 ὡς
979 3398 1020 3464 τὰ
1042 3399 1175 3467 παλαιὰ
1197 3397 1316 3482 σχόλια

150 3613 289 3704 άγαθολ·
313 3616 396 3685 ὅθεν
409 3617 466 3685 καὶ
482 3614 699 3702 Καλλίμαχος
712 3620 759 3703 τῷ
780 3612 880 3681 τοίων
901 3609 954 3681 dat
975 3619 1063 3702 (ΡΜ)
1086 3613 1249 3705 κέχρηται.
1283 3619 1315 3682 Ω

151 3738 209 3799 164
230 3723 319 3817 ἀμφὶ
340 3725 377 3793 δέ
397 3724 506 3813 πολλὴ
530 3722 656 3810 κόπρος
676 3719 733 3813 έην
752 3725 884 3813 κεφαλῇ
904 3722 1016 3789 τεκαὶ
1037 3717 1149 3805 αύχένι
1166 3726 1238 3791 τοῖο
1260 3721 1315 3811 γέ·
1328 3729 1360 3779 37

214 3968 240 4008 20
261 3966 321 4021 Hoc
337 3965 525 4034 fragmentum
542 3960 662 4015 maxime
679 3959 795 4015 Seidleri
813 3976 898 4030 opera
915 3978 989 4015 nunc
1007 3977 1097 4030 paene
1115 3962 1269 4015 correctum
1287 3962 1317 4015 et

146 4050 309 4107 ¹restitutum
320 4050 438 4106 videtur.
466 4048 520 4102 Sed
531 4064 612 4102 versu
623 4045 729 4111 ultimo,
748 4044 798 4100 ubi
814 4044 971 4115 accepimus
992 4046 1037 4108 τίς
1053 4048 1141 4100 τοῦτο
1159 4048 1220 4100 τῶν
1236 4047 1316 4115 ξυνη-

148 4131 246 4208 γύρων
262 4136 413 4206 τηρεύεται
430 4134 475 4189 vel
492 4132 703 4204 aspirancum
720 4130 858 4201 γηρύεται
873 4147 966 4185 verum
985 4128 1071 4185 fuerit
1091 4146 1143 4185 nec
1160 4128 1316 4201 θηρεύεται

149 4221 236 4289 (quod
252 4221 381 4276 Fritzsch.
398 4216 545 4289 proposuit
561 4217 595 4271 de
613 4215 721 4271 Daetal.
739 4235 766 4286 p.
785 4216 836 4287 54),
854 4215 903 4270 sed
920 4215 1115 4287 τερατεύεται.

198 4309 243 4349 2⁰⁸
263 4308 326 4376 <dcl
344 4303 414 4360 coni.
436 4303 556 4358 Meinelr.
577 4301 679 4357 vindic.
703 4301 829 4357 Strabon.
852 4319 879 4371 p.
903 4304 964 4365 211;
990 4298 1039 4354 sed
1058 4315 1083 4353 v.
1107 4300 1137 4354 Ο.
1156 4294 1314 4352 Schneider.

149 4391 252 4447 Gallim.
271 4391 297 4446 H
314 4409 341 4465 p.
359 4394 406 4446 271
427 4389 481 4464 sq.)
