3008 4980
465 334 489 384 a
516 320 637 392 ἄαπτοσ,
656 327 812 398 descende.
830 327 864 382 al
883 321 983 398 iunuc-
1250 337 1308 398 141

218 497 237 580 ἓ
259 501 286 562 2.
321 493 382 560 Illa
410 494 517 559 omnia
537 499 604 560 tam
627 497 758 581 egregia
778 499 867 574 sunt,
888 499 955 560 tam
968 494 1027 561 uel
1048 495 1208 581 perfectae
1231 496 1307 561 doc-

134 602 238 667 trinae
260 601 473 683 satisfaciunt,
494 605 531 667 ut
552 603 696 669 scribens
716 626 768 669 me
789 602 858 687 ipse
880 603 1121 688 reprehendam.
1164 601 1307 671 Nullane

135 710 266 775 suntin
287 709 349 776 hoc
370 710 500 775 homine
521 711 659 796 vestigia
682 711 764 788 eius,
786 731 850 795 qua
870 711 962 794 vixit,
983 711 1098 776 aetatis
1120 712 1306 796 grammati·

135 839 255 901 cacque
276 817 542 903 imperfectioris?
568 817 699 884 Gaudeo
722 839 805 896 esse,
826 839 900 883 nam
922 819 949 884 si
970 817 1060 884 nulla
1081 821 1197 901 essent,
1217 806 1307 884 vere}

136 948 188 991 rer
207 946 248 990 ne
269 924 383 991 falsam
404 924 465 990 viri
484 925 659 1010 imaginem
679 924 863 1011 legentibus
877 947 1100 1011 proponerem.
1130 917 1309 1003 ἀάπτους

134 1033 246 1118 χεῖρας
267 1032 422 1118 explicuit
443 1028 555 1108 δεινὰς
574 1029 632 1097 καὶ
652 1026 841 1118 άπτοήτοας
856 1032 986 1115 (Herod.
1002 1034 1042 1099 ad
1056 1038 1095 1098 A
1109 1037 1191 1118 567).
1227 1033 1308 1099 Mihi

136 1162 203 1206 non
232 1140 371 1226 configit
397 1138 595 1225 intelligere,
627 1140 706 1226 quid
730 1140 902 1227 plerosque
931 1145 1054 1206 veteres
1081 1142 1308 1225 grammaticos

136 1248 347 1333 prohibuerit,
368 1269 433 1333 quo
448 1248 555 1312 minus
571 1270 641 1314 eam
656 1248 909 1334 explicationem,
926 1259 1023 1333 quam
1042 1270 1128 1313 nunc
1145 1249 1310 1333 sequimur

138 1377 263 1435 omnes,
298 1355 514 1421 admitterent.
563 1353 648 1421 Nam
684 1361 717 1421 et
751 1354 935 1422 Zenodotus
971 1356 1087 1421 dicitur
1118 1356 1307 1441 explicuisse

138 1455 272 1548 ίσχοράς
294 1466 327 1528 et
346 1462 580 1548 Aristophanes
603 1454 748 1541 άέπτους
768 1464 933 1550 scripsisse
956 1468 989 1530 et
1010 1463 1214 1530 Herodianus
1237 1463 1308 1530 vult
1326 1481 1373 1532 142

137 1561 290 1648 ἀάπτους
318 1592 388 1636 esse
414 1593 473 1655 pro
504 1562 677 1648 άϊάπτοος.
727 1569 821 1648 Quod
854 1560 1021 1657 άπτόητος
1051 1570 1205 1657 explicuit
1234 1571 1309 1636 Ari-
1391 1588 1393 1593 ’

139 1678 299 1758 starchus,
319 1679 353 1743 id
375 1678 471 1744 simul
492 1700 530 1744 eo
553 1677 715 1756 effectum,
737 1680 825 1763 quod
846 1701 919 1744 cum
940 1682 1010 1747 tota
1031 1679 1224 1764 antiquitate
1244 1678 1307 1744 hoc
1319 1682 1390 1754 (144)

139 1785 235 1851 modo
263 1786 419 1851 vocabula
440 1785 598 1852 decurtari
619 1805 714 1870 posse
736 1785 870 1869 putavit.
913 1786 967 1853 Sic
987 1787 1044 1872 qui
1065 1787 1131 1852 sint
1158 1780 1310 1869 πρόμοι

138 1894 224 1978 apud
238 1892 432 1978 Homerum,
445 1893 479 1958 id
499 1892 580 1958 locis
601 1896 715 1978 poetae
736 1896 881 1958 accurate
896 1894 1061 1979 perpensis
1076 1897 1110 1959 et
1124 1894 1309 1978 compositis

138 2002 314 2085 perspexit,
349 2002 404 2066 sed
432 2001 548 2066 erravit
579 2001 666 2086 quod
696 2009 743 2066 ex'
760 1994 930 2084 πρόμαχοι
956 2001 1156 2066 decurtatum
1184 2003 1310 2086 putavit

140 2109 180 2190 (v.
203 2131 300 2194 supra
320 2103 469 2194 πρόμοι).
510 2107 556 2173 Ut
580 2108 615 2172 in
642 2129 782 2195 syncope
803 2108 849 2174 sic
869 2109 903 2174 in
925 2129 1077 2194 apocope.
1125 2113 1156 2172 (D
1180 2115 1238 2177 162
1259 2109 1309 2175 val

139 2216 170 2277 Ε
189 2221 251 2283 666
272 2216 372 2300 (Her.)
401 2207 572 2302 άμαρτήε
603 2208 817 2298 Ἀρίσταρχος
841 2205 1130 2303 άποιιοπὴνείναι
1149 2213 1308 2300 βούλεται

137 2325 198 2387 τοῦ
221 2317 423 2409 άμαρτήόην.
445 2364 484 2374 -
498 2318 627 2387 Ὕπαι
646 2345 812 2409 apocopen
835 2345 904 2389 esse
926 2345 965 2388 ex
985 2319 1123 2395 ὕπαιθα
1144 2323 1307 2410 Tyrannio

140 2430 237 2496 schol
263 2432 290 2495 Ο
310 2439 339 2498 4.
375 2428 457 2496 Item
478 2430 674 2517 Apollonius
697 2431 736 2495 de
758 2432 826 2498 adv.
846 2454 877 2516 p.
899 2436 959 2499 567
983 2432 1151 2498 ostendere
1173 2435 1309 2497 conatur

139 2529 189 2624 ῥᾴ
215 2559 381 2623 apocopen
407 2534 477 2604 esse
507 2561 546 2604 ex
573 2530 705 2626 ῥᾴδιον,
734 2541 799 2622 βρῖ
826 2561 864 2603 ex
884 2534 1046 2622 βριθέως,
1072 2533 1147 2624 „dcc
1168 2536 1231 2623 γὰρ
1253 2535 1310 2603 καί

140 2639 202 2710 dio
222 2643 395 2729 συλλαβῶν
417 2639 594 2712 ἀποκοπαί
615 2638 772 2730 γίνονται,
796 2641 831 2710 ἐν
851 2648 899 2731 τῷ
918 2641 996 2730 περί
1015 2648 1141 2711 παθῶν
1162 2641 1308 2734 ἐδείχθη.

138 2744 177 2818 τό
198 2775 234 2818 τε
254 2750 317 2838 γάρ
338 2744 502 2841 πρόπαρ
525 2748 630 2832 οὕτως
649 2747 716 2834 ἔχει
736 2749 794 2818 καί
814 2749 852 2817 τὸ
873 2750 1019 2838 μάκαρ,
1045 2746 1167 2840 πηόά,
1192 2750 1308 2820 καὶτὸ

138 2854 234 2944 ὑμίν
254 2858 347 2944 παρά
369 2853 613 2948 Καλλιμάχῳῑί.
654 2861 780 2941 Plures,
806 2883 889 2945 quos
910 2860 1255 2928 Herodianusrefutat
1274 2863 1309 2927 in
1400 2918 1401 2924 ,

139 2969 238 3035 schol.
259 2972 289 3032 P
306 2975 376 3052 201,
397 2958 420 3032 ά
443 2961 539 3034 δείλ’
563 2962 764 3035 decurtatum
778 2968 930 3035 volebant
950 2993 989 3036 ex
1011 2960 1033 3034 ά
1056 2965 1191 3036 όείλαιε.
1221 2969 1309 3036 Haec

139 3099 225 3142 nunc
250 3077 423 3143 sufficiunt.
463 3076 592 3162 Duplex
620 3100 642 3141 α
668 3077 795 3142 videtur
818 3099 1018 3162 comparasse
1045 3099 1118 3144 cum
1138 3070 1307 3158 άάσχετος.

139 3185 289 3251 Ceterum
310 3191 347 3252 ut
367 3179 497 3262 άαπτος
519 3178 707 3272 aucupor„
721 3186 767 3251 sic
788 3177 969 3272 ciriacam}
976 3209 993 3263 ς
1014 3187 1044 3252 ei
1064 3186 1190 3252 videtur
1209 3186 1308 3252 fuisse
1429 3239 1431 3243 .

140 3286 308 3379 άπτόητος
329 3289 364 3359 ἐν
385 3287 491 3372 ἔπεσι,
515 3297 673 3377 quantum
694 3293 874 3378 intelligere
888 3295 966 3361 licet
979 3317 1018 3360 ex
1032 3294 1098 3363 sch.
1118 3296 1231 3373 daca,
1252 3293 1308 3358 ubi

138 3401 314 3467 Aristonici
334 3402 481 3469 scholion
502 3405 552 3467 est
572 3403 613 3468 ad
633 3399 819 3491 otiosam,
844 3401 882 3470 cl.
904 3401 996 3486 Euat.
1018 3426 1049 3487 p.
1071 3409 1140 3481 709,
1163 3409 1210 3470 16.

221 3511 379 3577 Accedam
401 3511 441 3575 ad

650 3611 791 3704 ἔμπας·
830 3712 833 3717 ,

222 3722 255 3792 Ξ
275 3735 289 3793 1
313 3722 465 3809 Νέστορα
488 3719 520 3788 d'
544 3717 605 3790 oria
626 3719 750 3790 ἔλαθεν
770 3717 845 3808 ἰαχὴ
869 3717 1009 3790 πίνοντά
1023 3748 1085 3811 περ
1102 3718 1221 3812 thoos:
1241 3727 1308 3795 sch.

138 3832 192 3898 BL
220 3825 425 3910 ἀκολάστως,
457 3826 556 3920 φασί,
586 3832 644 3899 καί
672 3827 719 3910 ὡς
745 3829 896 3915 μέθυσος
920 3826 1021 3897 πίνει.
1062 3825 1147 3912 τάχα
1174 3825 1308 3901 οὖντὸν

138 3944 287 4006 κυκεῶνα
314 3935 425 4006 πίνειν
453 3937 565 4030 φησίν,
595 3931 634 4017 ὃς
663 3931 727 4020 εἶχε
751 3937 809 4006 καὶ
833 3930 932 4006 οἶνον.
973 3936 1060 4017 τινὲς
1086 3937 1123 4005 δὲ
1144 3935 1308 4020 στίζουσιν

139 4042 188 4125 είς
207 4045 244 4115 τὸ
267 4042 354 4138 λαχή,
377 4046 435 4114 καί
454 4045 492 4114 τὸ
515 4044 588 4136 ἑξῆς
608 4045 723 4126 οὕτως,
747 4040 834 4112 άλλὰ
856 4044 915 4113 καί
934 4044 1020 4132 πρὸς
1031 4045 1090 4112 τὸν
1100 4039 1307 4132 Ἀσκληπιά-

208 4303 253 4344 ⁸⁰⁸
270 4300 386 4371 <Totum
403 4298 477 4353 inter
494 4297 667 4353 Aristonicea
684 4296 791 4369 recepit
806 4296 1005 4353 Friedlaender
1021 4315 1051 4368 p.
1072 4301 1134 4361 142,
1155 4295 1204 4350 ubi
1223 4294 1306 4349 Lehr-

138 4384 195 4440 siua
213 4384 248 4441 de
265 4384 400 4441 vocabulo
421 4386 569 4455 άπτοεπής
584 4383 710 4454 pluribus
728 4382 879 4452 disseruit.)
