3008 4980
504 1083 805 1199 Dissertatio
844 1085 880 1196 Ι.

263 1315 331 1396 De
356 1313 546 1396 fontibus
578 1312 793 1394 doctrinae
822 1313 1125 1394 Aristarcheae.

648 1647 689 1723 O.
716 1651 745 1724 Ι.

376 1813 553 1878 Asataneta·
570 1814 647 1878 labar
669 1814 707 1879 de
727 1815 809 1879 notas
829 1811 1018 1876 Aristarchi.

196 2003 214 2087 ἓ
238 2011 263 2069 1.
295 2001 535 2083 Quaestionum,
558 2027 637 2088 quas
658 2005 698 2069 ad
713 2003 938 2087 antiquitatem
952 2001 1175 2067 illustrandam
1189 2003 1281 2067 insti·

112 2110 247 2188 brimus,
269 2109 377 2175 nullae
400 2111 609 2190 difficiliores,
629 2111 738 2177 nullae
759 2115 810 2176 tot
830 2109 1067 2195 impedimentis
1090 2111 1282 2190 obstructae,

114 2239 299 2302 quamquae
310 2218 387 2284 solis
396 2218 640 2284 scholiastarum
648 2217 1117 2306 grammaticorumquelitteris
1125 2218 1282 2282 nituntur.

112 2323 198 2390 Nam
220 2347 292 2390 cum
309 2349 485 2410 perpaucas
505 2331 593 2392 aetas
614 2327 691 2393 tulit
712 2329 864 2412 integras,
887 2330 957 2390 tum
977 2325 1281 2408 antiquissimorum,

113 2433 199 2498 unde
225 2433 260 2497 hi
285 2434 479 2517 posteriores
506 2457 563 2500 sua
585 2436 723 2500 mutuati
745 2439 832 2513 sunt,
853 2437 1022 2518 praecepta
1044 2436 1077 2497 et
1097 2433 1283 2497 testimonia

113 2540 231 2625 partim
254 2562 312 2624 per
337 2541 567 2625 discipulorum
594 2565 650 2608 ora
675 2543 794 2608 tradita
817 2541 921 2624 fuere,
947 2541 1064 2625 partim
1086 2540 1209 2605 incuria
1229 2541 1281 2629 de-

113 2647 209 2727 flexa,
239 2648 357 2732 partim
384 2649 481 2714 etiam
506 2651 616 2734 inique
641 2652 777 2730 detorta,
802 2649 920 2734 partim
940 2649 1054 2714 inscite
1076 2648 1127 2712 vel
1149 2649 1283 2712 adaucta

114 2756 165 2820 vel
194 2755 357 2821 decurtata
381 2758 593 2841 reperiuntur.
646 2758 751 2836 Quare
778 2780 850 2822 oum
876 2779 1000 2822 summa
1025 2756 1059 2819 in
1081 2755 1144 2820 hoc
1166 2776 1283 2840 genere

115 2885 195 2948 opus
222 2864 264 2928 sit
290 2864 451 2945 cautione,
478 2888 518 2930 ne
547 2867 708 2931 erroribus
729 2866 781 2930 vel
802 2865 974 2929 mendaciis
995 2863 1127 2948 testium
1149 2863 1284 2927 circum·

114 2972 293 3050 veniamur,
319 2976 389 3035 tum
417 2973 455 3036 de
479 2973 666 3038 Aristarcho
694 2973 824 3050 dicturi,
855 2972 945 3037 ouius
970 2992 1089 3035 nomen
1116 2992 1188 3035 cum
1214 2971 1284 3055 ipsa

114 3101 216 3162 paene
239 3078 348 3143 critica
370 3081 610 3164 aequiparatur,
634 3081 726 3164 quasi
748 3102 857 3146 seuero
878 3079 1039 3144 monitore
1060 3078 1108 3141 uti
1129 3079 1282 3158 videmur,

114 3186 249 3271 nequid
270 3186 397 3272 gravius
417 3187 451 3250 in
475 3210 512 3252 ea
533 3191 601 3252 arte
623 3210 799 3273 peccemus.
838 3187 927 3273 Ergo
951 3185 1134 3269 disputandi
1155 3186 1283 3249 initium

113 3293 187 3359 inde
209 3292 313 3358 facere
334 3294 439 3358 visum
460 3298 497 3359 ut
517 3297 662 3375 testium,
690 3297 799 3381 quiin
819 3297 880 3360 hac
903 3293 1090 3378 quaestione
1111 3293 1286 3358 adhibendi

115 3404 203 3480 sunt,
227 3401 324 3466 fidem
352 3406 385 3467 et
413 3403 613 3489 diligentiam
639 3408 784 3469 accurate
813 3402 1025 3488 exploremus.
1071 3400 1115 3465 st
1144 3400 1284 3484 primum

115 3507 245 3591 quidem
268 3508 376 3574 locum
398 3511 520 3576 scholia
540 3511 713 3577 Homerica
735 3512 797 3577 sibi
817 3510 992 3596 postulant.

198 3615 306 3681 Codex
327 3617 522 3682 scholiorum
543 3618 687 3685 Venetus
709 3620 748 3699 A,
770 3641 835 3704 quo
856 3618 995 3702 primurn
1015 3616 1066 3681 his
1089 3616 1128 3679 de
1143 3615 1285 3680 Alexan·

116 3722 206 3787 drina
227 3724 435 3808 grammatica
450 3727 693 3809 quaestionibus
707 3726 843 3791 facultas
859 3727 942 3804 data,
958 3727 1111 3808 quattuor
1125 3744 1285 3808 gramma-

115 3831 251 3895 ticorum
263 3831 452 3896 coniunctos
465 3832 595 3897 exhibet
608 3832 718 3912 libros,
733 3856 799 3898 non
813 3834 959 3920 integros
972 3831 1054 3909 illos,
1071 3834 1212 3895 attamen
1225 3832 1285 3896 eti-

116 3959 245 4003 amnum
267 3939 416 4003 omnibus
437 3938 504 4004 fere
526 3931 808 4026 grammaticorum
830 3941 965 4024 scriptis,
982 3962 1118 4024 quorum
1134 3942 1283 4024 excerpta
1296 3950 1332 4021 (2)

117 4044 156 4109 ad
176 4049 315 4112 aetatem
336 4049 480 4111 nostram
501 4053 724 4131 pervenerunt,
744 4049 950 4133 copiosiores.
986 4047 1049 4125 Qui
1067 4047 1116 4111 illi
1130 4047 1206 4111 libri
1221 4048 1286 4112 sint

116 4151 183 4236 ipse
210 4153 265 4236 qui
290 4154 370 4219 haec
396 4154 529 4240 collegit
558 4160 591 4220 et
621 4156 825 4221 concinnavit
851 4157 993 4240 prodidit
1019 4155 1124 4219 indice
1150 4154 1285 4239 singulis

116 4259 293 4343 rhapsodiis
319 4263 515 4346 subscripto:
549 4258 751 4347 παράκειται
776 4259 817 4326 τὰ
837 4256 1067 4344 Ἀριστονίκου
1089 4263 1208 4347 σημεῖα
1230 4257 1286 4324 καὶ

116 4363 155 4428 τὰ
170 4361 323 4448 Διδύμου
342 4365 420 4451 περὶ
437 4372 497 4453 τῆς
508 4362 754 4455 Ἀρισταρχείου
777 4365 1004 4455 διορθώσεως,
1028 4366 1103 4434 τινὰ
1125 4365 1233 4433 δὲκαὶ
1248 4364 1284 4432 ἐκ
1303 4390 1317 4439 2

157 4467 266 4521 nourr,
279 4470 415 4511 Aristnreh.
1062 4474 1074 4524 1
