3008 4980
596 343 619 391 2.
646 334 840 404 Mythologica.
968 415 969 418 Ἴ
1242 341 1299 403 181

559 505 877 589 Clytaemnestra.

216 657 289 725 Una
303 680 376 724 oum
390 657 548 742 Aegistho
570 655 705 734 interiit3
727 655 784 720 sed
805 678 854 735 an,
876 655 958 721 siout
972 654 1157 741 Aegisthus,
1178 657 1210 719 et
1230 653 1301 738 ipsa

134 769 176 833 ab
192 767 304 833 Oreste
319 766 486 831 interiecta
501 766 543 830 sit
557 787 617 831 seo.
633 765 819 842 Homerum,
833 763 992 829 incertum
1008 766 1063 829 est.
1087 761 1194 830 Schol.
1204 766 1300 844 7309.

622 1095 816 1182 cyclopes.

218 1247 294 1313 Non
308 1248 447 1333 improbi
460 1249 629 1334 finguntur
638 1251 764 1333 praeter
778 1270 879 1314 unum
889 1247 1132 1333 Polyphemum.
1152 1245 1302 1331 V.Apol-

134 1357 200 1422 lon.
229 1357 250 1419 l.
278 1355 318 1421 H.
346 1379 370 1420 s.
399 1348 591 1438 ἀθεμίστων
618 1358 662 1440 (p.
691 1358 753 1439 60).
802 1355 950 1421 Eustath.
975 1379 1005 1441 p.
1033 1360 1126 1434 1617,
1155 1360 1205 1424 28.
1242 1354 1301 1435 (cf.

134 1464 259 1529 Damm.
283 1486 306 1531 s.
330 1455 483 1554 Κύκλωψ
505 1468 538 1531 et
558 1485 654 1548 supra
675 1485 706 1547 p.
731 1467 789 1529 152
811 1459 990 1546 θέμιστες.)

624 1797 817 1881 Dionysus

137 1951 224 2036 apud
239 1949 417 2014 Homerum
431 1971 497 2014 non
511 1949 637 2014 videtur
650 1948 739 2015 Deus
755 1970 833 2015 esse.
867 1952 898 2010 Z
913 1954 969 2016 131
986 1942 1201 2033 σημειοῦνταί
1219 1971 1306 2025 τινες

138 2053 192 2124 ὅτι
213 2049 258 2133 ὥς
278 2050 356 2138 περὶ
377 2058 462 2121 θεοῦ
489 2057 548 2122 τοῦ
568 2047 734 2120 Διονύσου
760 2049 948 2140 διαλέγεται
969 2057 1069 2141 (quod
1089 2056 1175 2121 idem
1197 2060 1246 2122 est
1268 2061 1369 2122 a0183

138 2167 166 2234 si
182 2166 313 2231 dixisset
328 2158 380 2229 ὅτι
395 2157 552 2252 ἐμφαίνει
574 2156 619 2240 ὠς
639 2159 717 2245 περί
737 2165 824 2228 θεοῦ
845 2167 904 2229 τού
918 2157 1095 2241 Διονύσου,
1120 2188 1148 2229 v.
1164 2164 1305 2247 Athene)

137 2274 170 2340 h.
187 2297 213 2338 e.
238 2295 310 2338 cum
330 2275 462 2358 propter
475 2271 655 2357 Dionysum
676 2270 832 2337 violatum
854 2276 947 2337 tanta
965 2294 1070 2357 poena
1091 2273 1182 2337 aDis
1203 2273 1305 2337 maio·

137 2383 227 2448 ribus
248 2380 413 2467 Lycurgus
436 2379 593 2445 afficiatur
614 2378 761 2463 (fortasse
785 2379 883 2444 etiam
902 2383 1034 2464 propter
1056 2373 1196 2445 θύσθλα
1218 2376 1305 2445 oom-

136 2491 315 2554 memorata
340 2490 373 2552 et
393 2491 525 2572 propter
544 2483 762 2568 μαινομένου,
791 2487 881 2552 cuius
908 2486 1078 2572 explicatio
1106 2487 1304 2571 incerta110),
1317 2489 1388 2559 (184)

139 2619 179 2662 ex
199 2596 262 2661 hoc
283 2595 356 2660 loco
378 2595 479 2660 videri
502 2596 606 2680 possit
626 2594 738 2682 colligi
762 2617 871 2680 posse,
899 2595 1005 2663 Deum
1026 2618 1094 2661 esse
1116 2595 1305 2680 Dionysum.

138 2703 263 2782 Quodsi
276 2703 365 2769 Deus
381 2707 472 2782 esset,
492 2702 546 2766 rix
561 2703 773 2770 dubitandum
788 2704 867 2788 quin
885 2726 949 2768 una
963 2703 1030 2768 vini
1043 2702 1201 2769 inventorl
1213 2706 1306 2770 esset.

137 2811 204 2880 Sed
225 2832 298 2876 cum
318 2811 439 2895 ubique
460 2810 620 2876 Homerus
646 2811 714 2877 vini
734 2811 936 2896 frequentem
956 2811 1155 2878 mentionem
1175 2810 1306 2890 inficiat,

137 2924 248 2985 tamen
269 2917 413 3003 Dionyso
444 2940 604 3003 nusquam
629 2918 849 2984 inventionem
876 2918 1000 2984 tribuit.
1041 2916 1111 2985 Nec
1131 2919 1306 3000 Maronem,

136 3027 232 3092 illum
254 3025 321 3090 vini
349 3024 524 3090 dulcissimi
551 3026 752 3107 donatorem,
768 3110 769 3115 ἵ
783 3047 901 3112 genere
923 3026 1067 3112 Dionyso
1090 3027 1307 3112 propinquum

137 3134 238 3200 fuisse
255 3131 340 3209 fucit,
363 3132 446 3197 sicut
466 3132 543 3198 feoit
556 3133 727 3199 Hesiodus.
770 3132 875 3201 Schol.
892 3158 905 3197 ι
922 3139 980 3202 198
1003 3135 1102 3218 (quod
1123 3135 1306 3214 scribemus,

137 3245 177 3308 ut
202 3242 381 3307 correctum
408 3245 458 3306 est
482 3264 501 3305 a
527 3241 689 3306 Lobeckio
715 3241 791 3328 Agl.
813 3265 844 3327 p.
866 3246 940 3327 287)
966 3243 1069 3305 ταῦτα
1094 3236 1310 3327 σημειοῦνταί

139 3344 325 3433 tonnerrois
345 3345 382 3414 τὸ
403 3346 448 3436 μὴ
472 3340 700 3433 παραδιδόναι
712 3344 862 3435 ’Όμηρον
875 3342 1038 3416 Διόνυσον
1060 3342 1152 3416 σ’ίνσυ
1175 3344 1307 3435 εὑρετὴν

121 3451 184 3524 ’δι’
201 3452 281 3542 ὅλης
292 3457 352 3541 τῆς
372 3449 542 3543 ποιήσεως
561 3450 652 3525 οἴνου
673 3449 929 3544 μνημονεύοντα.
954 3453 974 3544 ἡ
991 3453 1029 3522 δὲ
1043 3451 1209 3536 ἀπότασις
1222 3454 1308 3543 πρὸς

135 3559 299 3630 Ἡσίοδον
327 3560 464 3648 λέγοντα
489 3562 547 3632 τὸν
572 3558 727 3652 Μύρωνα
757 3558 964 3644 Οἰνοπίωνος
988 3569 1046 3630 τοῦ
1070 3561 1245 3633 Διονύσου.
1266 3604 1308 3615 -

139 3669 230 3758 1λέ
247 3678 316 3753 325,
337 3674 420 3739 siout
441 3679 528 3742 totus
549 3675 602 3740 hie
622 3675 721 3754 locus,
745 3676 785 3740 ab
799 3675 985 3741 Aristarcho
1008 3678 1041 3741 et
1061 3679 1156 3742 antea
1176 3677 1217 3740 ab
1234 3675 1307 3741 Ari·

140 3783 299 3867 stophane
317 3783 454 3850 reiectus
475 3788 512 3849 ut
527 3785 663 3869 spurius.
683 3825 724 3865 ·.·
744 3782 782 3848 In
800 3782 978 3848 Aristarchi
1000 3783 1160 3847 sententia
1182 3805 1220 3848 ex
1241 3787 1307 3848 tam

140 3891 247 3980 parvis
276 3890 420 3976 reliquiis
447 3891 643 3986 enucleanda
674 3891 875 3957 discessimus
906 3891 1073 3975 paululum
1098 3890 1306 3971 aphobeckio

140 3998 215 4086 Agl.
235 4019 290 4084 pg.
311 4003 384 4078 286,
406 4003 474 4066 287.
518 3999 671 4065 Attamen
699 4021 856 4078 veremur,
884 4020 925 4063 ne
948 3999 1025 4082 quid
1051 3999 1081 4065 ei
1101 3999 1307 4064 tribuerimus

211 4235 248 4276 11⁰
270 4223 299 4305 (ἦ
320 4233 413 4303 διπλῆ)
439 4227 485 4288 ὅτι
512 4229 724 4303 (μαινομένοιο)
753 4224 817 4302 ἤτοι
842 4235 1028 4301 μανιοιισισῦ,
1053 4234 1190 4304 βακχείας
1214 4249 1306 4303 παρα-

143 4321 348 4383 σκευαστικοῠ,
375 4310 504 4387 dcirco
522 4316 702 4385 μαινομένου
725 4313 938 4374 ἐνθουσιαστοῦ
958 4311 975 4387 ἦ
997 4318 1165 4387 βακχευτσῦ.
1200 4316 1306 4386 <Verba

143 4402 251 4462 inclusa
267 4403 369 4460 desunt
385 4402 415 4458 in
433 4404 492 4460 cod.
511 4402 542 4470 A,
560 4420 617 4459 non
635 4397 704 4472 ὅτι.)
