3008 4980
199 312 239 374 64
286 303 321 359 11.
346 305 388 361 De
406 304 582 360 Aristarchea
598 305 797 361 vocabulorum
813 306 1023 363 Homerioorum
1041 302 1280 377 interpretatione.

200 472 295 550 Quod
315 473 361 538 sic
381 474 528 540 vocabuli
550 467 786 555 ἐπετοξάζοντο
808 476 909 541 altero
923 497 1017 540 versu
1036 475 1133 539 latius
1153 478 1244 558 patet
1263 474 1363 560 signi-

199 581 316 662 ficatio,
337 581 400 645 hoc
422 585 529 647 utrum
549 584 733 668 scrupulum
754 583 885 662 iniiciat,
905 606 947 648 an
967 582 1050 648 hanc
1068 581 1364 666 interpretationem

200 689 424 754 commendet?

282 796 395 861 Monui
418 820 514 882 supra
535 798 595 862 hac
615 802 706 882 parte
728 799 954 882 disputationis
973 797 1068 863 nobis
1088 795 1161 860 usui
1181 794 1260 875 fore,
1279 796 1364 880 quod

200 904 376 970 certissimo
401 905 546 988 exemplo
573 907 803 989 probabamus,
830 906 1007 971 Aristarchi
1030 903 1269 969 observationes
1287 925 1364 968 non-

200 1034 365 1096 nunquam
391 1011 528 1076 deflexae
557 1035 626 1078 esse
655 1037 674 1076 a
703 1013 876 1098 discipulis.
918 1012 990 1078 Hoc
1016 1011 1122 1076 iudico
1148 1010 1270 1076 factum
1298 1032 1364 1078 esse

201 1120 241 1184 ab
262 1119 444 1185 Aristonico
467 1120 508 1183 ad
528 1122 560 1182 A
583 1128 640 1187 117

323 1219 439 1309 (αὐτὰρ
462 1221 584 1292 δούλα
605 1229 710 1310 πῶμα
731 1223 905 1314 φαρέτρης,
928 1223 965 1291 ἒκ
987 1219 1018 1290 δ’
1043 1217 1123 1288 ἕλετ’
1146 1217 1221 1305 ἰόν),

323 1327 462 1421 ἀβλῆτα,
488 1328 677 1419 πτερόεντα,
700 1330 885 1416 μελαινέων
907 1327 976 1418 ἕρμ’
1000 1326 1157 1400 ὀδυνάων.

200 1441 250 1507 lbi
269 1442 485 1509 Aristonicus:
508 1434 637 1530 άβλῆεα
658 1447 733 1511 cet:
755 1435 929 1506 άθειεῖται
944 1435 997 1507 ὅτι
1011 1444 1067 1506 νῦν
1084 1433 1203 1516 δειλῶς
1223 1431 1366 1526 άβλητον

200 1545 257 1614 καὶ
281 1543 451 1634 μηδέποτε
477 1546 681 1634 βεβλημένον
707 1547 764 1616 καὶ
790 1545 989 1637 ἀφειμένον,
1020 1541 1078 1628 οὐχ
1098 1544 1299 1633 Ὁμηρικῶς·
1328 1544 1366 1614 τὸ

200 1655 262 1741 γὰρ
285 1642 428 1739 βάλλειν
445 1650 594 1741 Ὄμηρος
624 1649 684 1722 οὐκ
713 1653 771 1723 ἐπὶ
800 1659 860 1722 τοῦ
884 1655 997 1744 ψιλῶς
1024 1650 1197 1740 προέσθαι
1222 1647 1366 1740 τίθησιν.

200 1764 246 1828 At
263 1764 290 1828 si
313 1765 428 1829 dicitur
443 1755 495 1826 ἷὸν
515 1757 654 1845 βάλλειν
673 1766 704 1848 (υ
721 1771 769 1832 62.
790 1761 914 1845 χαλκὸν
930 1761 1043 1847 βαλὼν
1058 1765 1087 1826 E
1102 1767 1185 1840 317),
1209 1767 1297 1827 recte
1320 1764 1367 1828 di·

201 1871 283 1934 citur
304 1862 356 1944 ἰὸς
376 1862 491 1955 άβλής.
526 1869 612 1936 Hlud
624 1894 699 1936 vero
715 1873 785 1950 dici,
808 1874 970 1958 quomodo
987 1873 1100 1958 fugere
1113 1870 1264 1960 ⁴potuerit
1286 1892 1367 1949 eum,

201 1977 257 2061 qui
281 1978 403 2061 primus
433 1999 527 2042 usum
553 1979 700 2043 vocabuli
727 1980 951 2045 animadvertit
977 1979 1096 2064 quique
1119 1977 1171 2043 vel
1192 1979 1233 2042 ad
1257 1977 1367 2043 obser·

200 2083 340 2148 vandum
365 2107 459 2151 usum
480 2086 531 2151 vel
558 2087 598 2150 ad
621 2088 895 2171 comprobandum
916 2086 1052 2172 singulis
1070 2085 1150 2150 locis
1171 2084 1368 2162 attendebat,

202 2213 266 2274 quo
293 2191 401 2274 diplen
427 2198 616 2277 apponeret,
646 2217 707 2280 ego
737 2217 802 2259 non
820 2194 923 2258 video.
968 2193 1036 2258 Aut
1060 2216 1125 2257 non
1153 2192 1231 2257 fecit
1257 2193 1368 2257 obser-

202 2298 362 2363 rationem
376 2303 432 2363 aut
445 2303 531 2364 recte
551 2300 637 2365 fecit.
670 2301 769 2386 Ergo,
786 2302 820 2365 ni
841 2301 945 2378 fallor,
968 2302 1013 2366 sic
1035 2304 1221 2366 statuemus.
1255 2298 1368 2383 Appo-

201 2410 308 2470 suerat
317 2406 520 2471 Aristarchus
535 2409 640 2472 versui
655 2409 792 2474 obelum.
823 2407 886 2474 Sed
900 2409 934 2472 in
950 2407 1187 2473 commentariis
1202 2406 1369 2491 signorum

201 2535 312 2578 causas
333 2536 399 2579 non
421 2515 570 2580 omnibus
592 2515 672 2579 locis
695 2538 806 2580 omnes
827 2519 1033 2601 apposuerat,
1054 2515 1170 2600 partim
1192 2513 1280 2598 quod
1300 2514 1370 2599 ipsa

200 2625 278 2684 nota
299 2621 333 2684 in
354 2622 450 2686 rebus
477 2622 604 2705 saepius
629 2623 760 2687 monitis
788 2645 847 2707 pro
876 2623 1104 2688 commentario
1127 2624 1225 2700 esset,
1250 2622 1370 2705 partim

136 2745 190 2811 (76)
204 2729 290 2812 quod
304 2729 339 2792 in
353 2728 416 2794 isto
433 2751 520 2795 more
535 2729 681 2814 singulos
703 2752 847 2814 quosque
868 2751 977 2795 versus
999 2729 1134 2796 notandi
1148 2751 1214 2793 non
1234 2729 1371 2815 triginta

199 2835 362 2901 volumina
384 2839 477 2923 (quae
499 2859 584 2902 nunc
606 2837 751 2902 sufficere
772 2841 866 2923 putat
886 2836 1053 2917 Wolfius),
1082 2837 1138 2901 sed
1158 2837 1211 2900 vix
1233 2835 1371 2902 ducenta

200 2945 430 3009 commentario
459 2945 632 3011 Homerico
662 2945 870 3010 suffecissent
916 2943 1143 3029 compensavit
1168 2943 1232 3007 hoc
1258 2943 1369 3028 aliquo

200 3051 309 3128 modo,
346 3052 433 3135 quod
452 3073 518 3116 non
546 3051 646 3117 semel
674 3053 731 3117 scd
753 3053 879 3136 saepius
902 3051 1155 3118 Commentarios
1177 3050 1370 3116 Homericos

201 3158 309 3222 edidit.
347 3157 381 3223 Si
396 3158 468 3242 quis
483 3159 583 3243 igitur
605 3162 800 3224 sectatorum
820 3160 913 3244 signa
935 3159 1003 3224 eius
1020 3158 1180 3223 illustrare
1201 3157 1300 3223 vellet
1322 3161 1371 3240 (ut

200 3263 424 3348 Aristonicus),
448 3264 510 3330 nisi
530 3288 640 3330 omnes
656 3265 909 3331 Commentarios
931 3266 1077 3331 adhibuit
1097 3269 1226 3350 poterat
1247 3264 1371 3349 aliquid

200 3371 322 3436 nescire
347 3371 399 3436 vel
426 3372 544 3455 scripto
567 3373 606 3436 ab
629 3395 667 3437 eo
690 3373 853 3437 traditum.
892 3372 956 3438 Sed
977 3373 1033 3438 ubi
1055 3372 1233 3438 Aristarchi
1254 3395 1371 3438 manus

201 3478 350 3542 deficeret
376 3479 439 3562 ipsi
461 3500 499 3542 ex
520 3479 688 3563 disciplina
710 3480 901 3545 sententiam
924 3481 991 3544 eins
1014 3480 1219 3566 supplebant:
1247 3480 1282 3543 in
1305 3502 1370 3565 quo

202 3586 301 3650 errori
324 3586 481 3651 obnoxios
501 3585 599 3651 fuisse
622 3587 684 3651 nisi
706 3587 858 3671 exemplis
879 3590 1040 3652 constaret
1068 3609 1119 3652 res
1139 3587 1209 3671 ipsa
1231 3587 1370 3654 doceret.

151 3711 184 3761 64
203 3692 256 3758 Sic
276 3693 367 3757 illum
382 3715 516 3772 versum,
539 3693 578 3757 de
598 3715 662 3777 quo
677 3693 848 3776 loquimur,
869 3694 1055 3760 Aristarcho
1072 3697 1254 3780 suspectum
1270 3693 1372 3760 fuisse

200 3803 280 3884 puto
308 3823 346 3866 eo
372 3803 570 3886 argumento,
593 3801 680 3885 quod
706 3801 791 3885 apud
808 3803 1021 3886 Apollonium
1051 3806 1114 3880 est,
1144 3803 1205 3868 lex.
1226 3801 1324 3866 Hom.
1345 3825 1370 3869 s.

201 3900 414 3988 ἕρματα...
447 3902 504 3971 εἰιὶ
532 3903 569 3970 δὲ
593 3909 652 3974 τοῦ
677 3906 861 3990 μελαινέων
889 3903 957 3995 ἕρμ’
989 3901 1137 3975 ὀδυνάων
1159 3902 1177 3974 ὁ
1199 3904 1259 3989 μὲν
1278 3900 1372 3994 'Apl-

201 4033 341 4096 οεαρχος,
359 4006 477 4078 ἀθετεῖ
490 4011 547 4080 τὸν
561 4009 670 4095 στίχον
684 4012 800 4100 λέγων·
825 4005 897 4081 οἷον
917 4009 978 4101 γάρ
999 4038 1102 4104 φησιν
1122 4017 1153 4099 (l
1174 4012 1232 4082 τὸν
1246 4009 1370 4095 στίχον·

200 4118 330 4206 γελοῖον
358 4114 420 4206 γάρ
448 4129 496 4208 φ.)
522 4116 659 4206 ἔρεισμα
687 4126 752 4188 τῶν
785 4116 910 4189 ὀδυνῶν
936 4119 1113 4205 λέγεσθαι·
1147 4117 1286 4189 ἔπαινον
1308 4119 1371 4206 γὰρ

202 4221 261 4295 οὐκ
282 4222 349 4307 ἔχει
376 4231 434 4294 τοῦ
456 4225 638 4311 δυναμένου
658 4223 826 4318 δδυνῆοαι.
871 4231 965 4308 Quod
991 4232 1120 4315 quidem
1146 4235 1372 4316 argumentum

202 4341 234 4405 et
261 4338 367 4425 ipsum
391 4337 591 4405 Aristonicus
620 4361 685 4404 non
711 4339 940 4423 praetermisit,
972 4339 1028 4404 sed
1058 4338 1139 4403 illud
1165 4338 1302 4402 alterum
1331 4337 1371 4402 de
