3008 4980
584 351 606 403 1.
629 335 671 401 De
688 344 858 402 accentibus.
1243 351 1303 414 297

131 513 247 578 hahuit
274 512 361 597 quod
383 512 570 595 sequeretur
591 533 688 596 quam
709 511 865 578 iudicium
890 531 984 575 ouum
1005 510 1045 575 ad
1067 530 1207 575 errorem
1227 532 1304 596 pro·

133 619 224 686 clivis
246 623 323 684 crat.
345 641 374 687 v.
394 618 578 684 Herodem
598 623 635 681 Λ
648 627 717 688 454.
752 616 921 686 11129218.
943 653 984 665 -
1004 615 1123 681 Mirum
1146 621 1195 682 est
1216 619 1304 701 quod

134 726 250 792 dicitur
263 719 424 808 πτερίγος
438 725 601 810 scripsisse
618 729 727 794 Β316.
750 727 783 788 Ψ
796 720 865 793 875.
887 723 980 789 Euri.
996 725 1027 785 Β
1042 727 1102 790 316
1115 725 1158 807 (p.
1172 728 1241 801 229,
1252 726 1303 806 38)

132 830 170 897 τὸ
194 827 231 896 δὲ
252 852 439 913 ,,πτερυγος
459 827 585 915 rupem
608 825 742 916 ἀρέσκει
761 833 833 908 τοῖς
851 828 1013 907 παλαιοῖς
1029 826 1114 893 κατὰ
1135 826 1196 914 την
1213 822 1305 910 Ἀρι-

133 930 303 1022 στάρχειον
325 930 526 1022 ἀνάγνωσιν,
554 933 603 1016 ὡς
630 933 662 1004 δ’
692 932 809 1003 άλλοι
835 933 933 1023 φασί
958 934 1056 1000 κατὰ
1079 931 1305 1018 παράδοσιν

133 1039 348 1130 παροξύνειν,
377 1036 447 1111 άπδ
471 1039 608 1123 εὐθείας
635 1038 792 1126 δξυτάνου
818 1046 879 1130 τῆς
899 1039 919 1130 ἡ
942 1035 1078 1127 πτεράξ,
1107 1031 1128 1106 δ
1148 1040 1244 1128 δηλοῖ
1266 1035 1304 1106 οὐ

132 1149 174 1218 τά
195 1150 302 1235 πτερὰ
322 1148 426 1234 μόνα,
454 1151 492 1219 τὸ
514 1148 634 1240 μόριον
656 1149 693 1218 δὲ
712 1150 796 1235 μετὰ
818 1154 884 1215 τῶν
905 1146 1145 1234 περικειμένων
1165 1150 1304 1231 πτερῶν,

134 1256 231 1324 καθὰ
257 1256 355 1344 δηλοῖ
378 1258 436 1325 καί
452 1253 663 1346 Ἡρωδιανὸς
688 1253 793 1324 εἰπάν
816 1253 870 1323 ὅτι
896 1254 937 1320 τὰ
960 1249 1008 1334 εἰς
1028 1257 1069 1336 αξ
1088 1253 1221 1342 θηλυκὰ
1241 1276 1306 1336 μο-

135 1360 325 1448 νοσύλλαβα
350 1363 411 1449 μίν
433 1361 513 1432 ὅντα
541 1361 703 1447 ὀξύνεται·
738 1361 825 1444 στίξ,
849 1361 912 1444 νύξ,
935 1359 1021 1448 τράξ.
1059 1356 1144 1445 ὑπὲρ
1164 1357 1247 1443 μίαν
1267 1358 1306 1425 δὲ

135 1465 214 1539 ὄντα
234 1470 405 1559 συλλαβὴν
424 1468 610 1558 βαρύνεται,
634 1468 748 1554 κάλυξ,
773 1467 880 1551 άνιυξ,
902 1465 1091 1558 πομφόλυξ.
1126 1467 1164 1536 τὸ
1186 1463 1309 1553 πτεράξ

135 1574 355 1666 σεσημείωται
372 1575 439 1646 ὑπὸ
452 1574 668 1665 Ἀριστάρχου
690 1574 830 1660 ὀξυνθὲν
851 1575 908 1643 διὰ
928 1574 967 1642 τὸ
990 1570 1118 1655 ἐννοίας
1138 1597 1305 1659 περιεκτι-

136 1690 197 1773 κης
223 1676 318 1753 εἶναι.
367 1683 451 1753 οὕτω
477 1683 555 1771 γάρ,
585 1709 702 1775 φησιν,
738 1680 923 1769 ἀνέγνωμεν
950 1680 986 1749 ἐν
1009 1685 1050 1772 τῇ
1077 1687 1107 1747 Β
1133 1678 1303 1774 ῥαψῳδίᾳ.

137 1794 360 1863 61.Ευε1.εο
384 1795 418 1857 Ψ
438 1800 497 1863 875
520 1797 562 1880 (p.
587 1801 681 1876 1334,
703 1799 755 1878 28)
776 1792 814 1860 τὸ
841 1789 878 1858 δὲ
902 1786 1076 1877 πτεράγος,
1102 1781 1123 1857 δ
1151 1790 1247 1878 δηλοῖ
1266 1787 1304 1856 τὸ

136 1899 305 1984 συρκιὸδες
328 1904 388 1986 τῆς
413 1897 588 1986 πτέρυγος,
615 1894 792 1967 κάνταῦθα
821 1895 866 1979 ὡς
888 1896 945 1964 καί
972 1894 1007 1964 ἒν
1033 1900 1074 1987 τῇ
1094 1901 1126 1962 Β
1145 1893 1307 1986 ῥαψῳδίᾳ

136 2005 313 2090 παροξύνει
323 2000 537 2094 Ἀρίσταρχος
550 2010 615 2072 τῶν
637 2001 748 2072 άλλων
769 2000 1089 2089 προπαροξυνόντων
1110 2008 1201 2090 (puta
1221 2005 1308 2090 apud

137 2113 356 2180 Herodianum
377 2116 560 2182 nominatos
581 2116 681 2182 firissc
701 2109 940 2198 Ptolemaeum,
961 2110 1207 2199 Tyrannionem,
1228 2111 1307 2176 Alc·

137 2221 274 2302 monem,
294 2217 428 2302 οο1.)ο)ς
440 2220 479 2288 τὸ
495 2215 639 2306 ὄρτυγος.
675 2222 780 2290 Sohoh
796 2220 890 2288 ADV
904 2221 945 2287 ad
966 2224 992 2283 B
1007 2226 1077 2288 316.
1112 2221 1163 2286 Et.
1185 2220 1230 2285 M.
1244 2224 1306 2287 694

139 2326 232 2409 (oud.
262 2334 344 2406 485).
392 2328 534 2395 Tantum
564 2330 709 2396 videmus
740 2330 962 2395 Herodianum
992 2348 1059 2393 non
1090 2349 1205 2392 ausum
1237 2347 1306 2391 esse

137 2435 268 2501 reiicerc
283 2439 316 2501 ci
335 2435 471 2502 forcasse
493 2457 560 2503 non
580 2440 648 2501 tam
668 2440 801 2521 propter
814 2435 1035 2501 Aristarchum
1057 2455 1154 2520 quam
1175 2436 1307 2518 propter

137 2542 316 2625 paradosin.
358 2543 476 2610 Confer
496 2549 534 2610 us
554 2547 702 2610 teneatur
722 2565 742 2608 a
762 2542 989 2609 choerobosco
1009 2542 1050 2606 ad
1071 2535 1194 2606 Theoi.
1214 2562 1246 2624 p.
1267 2544 1304 2607 81

139 2647 203 2714 esf.
224 2674 265 2696 -·-
285 2648 439 2714 Difficilis
462 2650 606 2716 iudicatu
627 2655 705 2717 sunt
726 2641 877 2713 άνόπαια
898 2669 920 2710 α
941 2653 1010 2717 326.
1053 2640 1178 2732 ἐπητής
1196 2666 1215 2708 ν
1236 2644 1308 2714 332.

139 2747 240 2840 ἠθεῖε
265 2759 298 2816 Ζ
320 2760 390 2823 518.
417 2795 458 2806 -
480 2755 575 2834 Quod
605 2757 766 2823 rarissime
789 2755 912 2821 factum
937 2759 975 2821 ut
1001 2753 1207 2820 Ansimchus
1237 2772 1303 2818 non
1317 2761 1389 2831 (313)

139 2861 338 2945 conspiraret
364 2882 438 2927 cum
469 2865 632 2948 paradoai,
657 2863 774 2929 accidit
797 2863 832 2927 in
859 2883 1001 2942 περκνος
1021 2862 1052 2924 Ω
1074 2866 1134 2928 316
1156 2861 1198 2939 ei,
1218 2859 1307 2943 quod

138 2989 240 3033 unum
267 2989 306 3034 ex
335 2969 485 3035 omnibus
512 2972 678 3048 miramur,
714 2971 749 3034 in
778 2963 919 3054 ἁμαρτά.
971 2970 1080 3036 Ε656
1108 2965 1146 3032 τὸ
1179 2961 1309 3054 ἁμαρτῇ

138 3070 274 3150 δασέως.
308 3079 458 3164 περισπᾷ
478 3072 515 3142 δὲ
534 3075 592 3143 καί
612 3071 632 3143 ’ὁ
651 3070 894 3162 Ἀσκαλωνίτης
912 3071 971 3140 καί
991 3069 1024 3140 οί
1043 3069 1192 3151 πλείους.
1231 3065 1307 3152 ὀξάε

137 3201 187 3245 νει
217 3177 254 3245 δὲ
275 3173 293 3246 ὃ
311 3173 523 3267 Ἀρίσταρχος
550 3177 755 3268 βουλόμενος
776 3176 857 3249 αὐτὸ
883 3186 943 3248 τοῦ
965 3173 1159 3267 ὁμαρτήδην
1181 3172 1307 3244 άποκε-

137 3280 286 3374 κόφδαι·
314 3285 369 3354 διδ
390 3287 449 3355 καί
467 3284 539 3356 κατ’
563 3284 661 3356 αὐτὸν
679 3287 777 3374 χωρίς
796 3292 856 3356 τοῦ
879 3312 892 3356 ι
913 3282 1126 3376 γεγράφασι.
1166 3284 1307 3370 ἐπικρα-

138 3396 188 3458 τεῖ
208 3390 324 3476 μέντοι
352 3393 391 3462 τὸ
417 3394 685 3480 περισπώμενον,
716 3391 892 3483 γενόμενον
918 3393 1010 3478 παρὰ
1035 3393 1074 3462 τδ
1102 3390 1173 3477 άμα
1194 3391 1252 3459 καί
1268 3392 1307 3458 τὸ

139 3494 237 3585 άρτῶ.
273 3502 320 3568 cf.
340 3501 396 3568 alh
417 3504 514 3571 schoh
535 3507 578 3573 ib.
600 3510 633 3572 ei
658 3509 689 3568 Φ
712 3510 779 3572 162.
809 3504 901 3570 Euro
917 3510 989 3587 592,
1014 3510 1059 3572 17.
1097 3503 1170 3569 Hoc
1189 3506 1307 3569 notun·

139 3611 216 3675 dum
235 3609 457 3677 Aristarchum
482 3610 668 3680 adverbium
698 3604 891 3698 διμορτήδην
917 3611 976 3695 (sic
995 3615 1091 3696 puto,
1112 3631 1178 3676 non
1201 3604 1307 3691 ὁμαρ-

138 3709 254 3802 τήδην)
270 3717 305 3781 in
318 3717 462 3784 Homero
482 3741 542 3786 suo
563 3719 715 3785 habuisse
728 3739 788 3802 pro
808 3711 995 3804 δμαρτήτην
1010 3723 1045 3780 Ν
1057 3722 1126 3786 584.
1154 3717 1308 3783 Attamen

140 3823 217 3888 satia
244 3824 354 3890 mirari
383 3848 449 3891 non
470 3847 602 3912 possum
630 3829 799 3910 taniopere
819 3826 873 3890 hic
893 3823 1115 3890 Arisoarchum
1137 3846 1157 3888 a
1176 3823 1229 3889 via
1249 3842 1309 3889 sua

140 3927 314 3996 deflexisse.
348 3930 433 3998 Nam
449 3926 579 4018 ἆμαρτή
594 3936 644 3997 est
658 3932 756 3998 chiam
769 3936 882 3998 contra
903 3952 1061 3997 canonem
1082 3926 1305 3997 adverbiorum
1323 3944 1371 3995 311

206 4129 264 4172 ²1⁷⁸
282 4129 424 4200 <Alterum
441 4131 534 4194 schch,
554 4131 585 4183 11
601 4134 657 4195 129,
674 4145 731 4184 non
749 4131 790 4184 cst
807 4128 972 4192 Herodicum
995 4130 1043 4184 sed
1061 4129 1095 4185 ci.
1118 4129 1229 4197 0351.)

206 4215 244 4257 ²¹⁸
278 4213 333 4270 Cur
352 4204 437 4284 διεδὴ
459 4213 580 4270 scribere
602 4212 733 4268 maluerit
753 4212 890 4267 nescimus
912 4210 961 4268 scd
978 4224 1051 4282 quac
1068 4215 1166 4268 contra
1183 4211 1308 4281 disputat

141 4297 314 4354 Herodianus
331 4301 356 4353 Α
373 4303 422 4353 1113
440 4312 499 4353 rem
518 4312 576 4353 non
592 4300 721 4369 tangunt.
757 4295 828 4352 'Pota
850 4295 977 4366 quaestio
1000 4295 1075 4351 enim
1092 4292 1308 4366 orthographica

142 4383 190 4446 est,
207 4383 240 4437 nt
257 4377 323 4438 ἐπεὶ
339 4383 382 4452 δή,
402 4382 510 4452 ἐπειδη.
