3008 4980
541 338 564 388 2.
588 332 629 388 De
645 331 895 403 intersepiratione.
1242 341 1301 405 313

134 499 196 565 tibi
222 498 425 585 persuadeas:
456 496 592 583 γέρανος
615 498 653 567 τὸ
681 499 777 580 ζῶον,
812 493 881 566 ἀπὸ
912 501 972 565 νοῶ
997 501 1056 586 τῆς
1082 502 1142 587 γῆς
1168 497 1302 583 ἐρευνᾶν

135 605 176 671 τὰ
199 603 371 690 σπέρματα
397 601 499 673 οἱονεὶ
518 602 671 695 γηρεννός
695 631 744 685 τις
767 598 919 687 odoa226,
948 608 1074 700 ψιλῶς·
1108 603 1245 692 γέρανος
1266 606 1303 674 δὲ

137 710 156 779 ὁ
179 707 304 798 ὄμβρος
323 709 390 781 ὑπὸ
412 709 622 803 Κυρηναίων,
649 712 742 800 παρὰ
766 713 805 781 τὸ
831 713 892 802 τὴν
913 717 974 802 γῆν
995 710 1132 799 ῥαίνειν·
1163 712 1221 781 καί
1241 717 1302 782 do-

136 815 278 887 σίνεται.

218 930 425 996 Pervenimus
451 931 491 996 ad
516 952 584 995 rem
613 932 647 995 in
675 931 819 997 doctrina
846 932 884 996 de
911 931 1190 1017 intersepiratione
1211 935 1302 1001 valde

136 1037 390 1114 memorabilem,
414 1039 501 1122 quod
522 1038 677 1103 adiectiva
696 1039 882 1124 composita,
905 1039 932 1104 si
955 1039 1086 1123 quidem
1107 1038 1207 1105 altera
1227 1064 1301 1126 pars

137 1170 248 1233 aspere
269 1145 438 1231 profertur,
460 1145 687 1231 aspirationem
708 1128 845 1213 retinere
868 1148 984 1213 docent
1005 1147 1219 1232 grammatici3
1246 1149 1301 1213 sed

137 1256 165 1321 si
187 1256 298 1320 eadem
318 1252 474 1319 adiectiva
494 1254 528 1318 in
550 1254 681 1319 nomina
701 1255 831 1340 propria
857 1254 1005 1334 abierint,
1032 1254 1189 1322 obiiceret
1213 1247 1302 1318 εὐαί-

137 1385 218 1445 μιον,
242 1361 298 1427 sed
320 1352 476 1442 Εὖοιίμων
498 1360 545 1443 (ll.
561 1366 597 1425 H
615 1365 684 1446 167)
707 1366 739 1428 et
760 1354 977 1443 Πολοαίμων;
1003 1354 1164 1439 ῶκέᾶλος,
1189 1354 1303 1446 stipid-

139 1468 207 1547 λος,
230 1470 285 1535 sed
300 1461 471 1546 Ὠκέᾶλος,
496 1461 666 1552 Εέρέᾶλος
684 1493 756 1536 cum
778 1469 944 1552 similibus,
966 1464 1143 1557 pridianos,
1167 1471 1223 1536 sed
1244 1493 1303 1536 no·

138 1600 213 1643 men
238 1575 404 1662 proprium
429 1569 609 1654 Φιλίππος.
650 1577 704 1644 nt.
730 1577 771 1644 M.
794 1583 867 1656 396,
887 1582 926 1645 43
953 1577 1021 1660 (ubi
1041 1577 1114 1663 lege
1135 1576 1304 1664 συλλαβὴν

138 1677 185 1761 ὡς
205 1679 262 1748 ἐπὶ
281 1685 346 1747 τῶν
362 1676 502 1768 ἁπλῶν).
527 1689 595 1769 821,
610 1692 659 1753 25.
691 1685 783 1753 Eust.
801 1690 951 1766 1396,19.
974 1721 1015 1733 -
1034 1707 1062 1749 v.
1077 1683 1178 1753 Stura.
1194 1708 1302 1772 opusc.

137 1815 169 1877 p.
192 1799 242 1860 70.
262 1826 303 1837 -
324 1792 373 1857 Dc
394 1791 582 1859 Ptolemaeo
603 1792 804 1876 Ascalonita,
832 1815 928 1878 quem
953 1792 1184 1859 vocabulorum
1206 1795 1303 1860 etiam

137 1922 196 1986 per
216 1899 424 1984 principalem
446 1900 594 1985 spiritum
616 1900 916 1986 distinguendorum
940 1900 1119 1966 studiosum
1142 1900 1241 1966 fuisse
1263 1901 1303 1966 ab

136 2007 310 2073 Eustathio
333 2007 452 2072 discere
473 2007 549 2073 licet
568 2030 599 2092 p.
622 2013 690 2088 555,
712 2013 752 2075 26
775 1998 1062 2091 (atterentem),
1088 2008 1151 2075 hoc
1166 2009 1304 2095 legimus

138 2116 223 2200 apud
238 2114 458 2180 Herodianum
480 2117 520 2181 ad
535 2117 564 2178 E
580 2121 633 2184 76:
654 2107 878 2200 Εὐαιμονίδης
900 2114 1000 2201 ψιλοῖ
1020 2108 1302 2202 ὁἈοκαλοινίτης,

138 2220 202 2286 ἵνα
224 2215 363 2305 κύριον
385 2217 554 2308 γένηται,
579 2218 689 2307 ῶσπερ
711 2218 768 2288 καὶ
789 2219 827 2287 τὸ
853 2217 1026 2299 Φίλιππος
1045 2219 1103 2287 καὶ
1124 2215 1305 2288 Μελάνιπ-

139 2351 213 2406 ντος.
254 2329 315 2395 Est
335 2331 556 2397 testimonium
578 2331 616 2397 de
637 2330 731 2396 Aelio
752 2331 919 2416 Dionysio.
959 2331 1012 2395 Ad
1032 2331 1177 2397 scholion
1196 2333 1224 2396 O
1243 2339 1304 2401 705

137 2438 297 2504 recentior
311 2439 537 2525 grammaticus
548 2438 694 2504 notulam
704 2439 827 2519 adiecit,
841 2439 875 2503 in
887 2461 951 2523 qua
961 2438 1041 2504 hoec
1051 2439 1254 2508 tradunturz.
1273 2493 1279 2507 .
1297 2491 1304 2504 .

138 2541 316 2623 Διονύσιος
338 2541 374 2610 δέ
396 2540 414 2611 ὃ
432 2540 712 2631 Ἁλικαρνασσεὺς
732 2541 768 2610 έν
787 2539 930 2632 τετάρτῳ
949 2538 1107 2610 Ἀττικῶν
1133 2539 1306 2630 ὀνομάτων

139 2649 243 2733 οὕτως
268 2648 347 2742 ἔφη·
381 2647 551 2742 φίλιππος
577 2649 638 2737 μέν
657 2655 717 2740 τῆς
741 2649 843 2741 μέσης
869 2648 1091 2739 δασυνομένης
1114 2650 1151 2719 τὸ
1179 2673 1305 2741 προση-

140 2753 291 2846 γορικόν·
324 2757 428 2839 οὕτως
449 2759 510 2847 γὰρ
531 2759 588 2827 καί
610 2757 644 2827 ἐν
670 2763 771 2849 Τηρεῖ
789 2756 1004 2850 Σοφοκλέους
1026 2753 1302 2846 ἀναγινώσκομεν,

136 2864 239 2957 ,ἥλιε
253 2868 437 2957 φιλλπτιοις
454 2868 554 2958 Θρηξί
567 2865 768 2954 πρέσβιστον
784 2865 923 2946 οέλας“·
949 2862 1123 2947 Φίλιππος
1144 2865 1181 2934 δέ
1198 2867 1307 2958 ψιλῶς

138 2972 156 3042 ὃ
189 2972 370 3043 Μακεδών.
425 2977 555 3044 Aelium
586 2979 778 3064 Dionysium
807 2977 1053 3065 intelligendum
1088 3000 1169 3057 esse,
1209 2978 1303 3045 lcxici
1317 2950 1386 3074 (ξῗέ)

137 3087 315 3152 sexcenties
335 3086 505 3152 Eustathio
532 3086 572 3152 ad
597 3090 705 3172 partes
730 3087 836 3152 vocati
863 3087 1075 3168 conditorem,
1103 3085 1220 3153 Suidae
1244 3109 1303 3152 no·

136 3194 224 3259 minc
246 3194 417 3259 Atticistae
442 3194 645 3280 insignitum,
681 3195 737 3279 qui
768 3198 801 3260 et
830 3195 899 3279 ipse
923 3193 1216 3261 Halicarnassensis
1242 3194 1305 3259 fuit

139 3301 245 3384 (Phot.
269 3302 338 3368 cod.
367 3308 425 3369 152
452 3325 483 3387 p.
510 3307 550 3370 99
571 3301 627 3369 Βο.
666 3301 757 3368 Euat.
785 3326 816 3388 p.
844 3307 905 3371 228
933 3294 1058 3379 Αἴλιος
1083 3296 1260 3379 Διονύσιος
1286 3297 1303 3366 ὁ

133 3400 422 3492 Ἁλικαρνασσεύς)
444 3409 574 3475 minime
595 3410 805 3475 dubitandum
828 3413 888 3475 est:
911 3409 971 3475 etsi
990 3410 1027 3489 is,
1049 3409 1139 3475 cuius
1159 3432 1217 3495 per
1236 3433 1305 3475 ma-

137 3540 199 3583 nns
215 3517 296 3583 haec
309 3517 404 3584 nobis
418 3516 536 3582 tradita
551 3521 600 3582 est
621 3517 811 3598 observatio,
832 3517 967 3582 fortasse
988 3517 1057 3602 ipse
1080 3518 1118 3582 de
1141 3540 1187 3597 eo,
1209 3540 1305 3602 quem

137 3646 198 3689 nos
218 3624 359 3690 solemus
379 3624 695 3691 Halicarnassensem
717 3625 834 3704 dicere,
859 3625 1017 3710 Dionysio
1036 3625 1199 3711 cogitavit.
1242 3624 1306 3691 Sed

136 3730 192 3796 ille
212 3731 361 3798 indoctus
381 3732 479 3797 homo
503 3737 584 3816 erat,
608 3734 696 3817 quod
721 3732 773 3798 vel
792 3732 940 3799 vocabuli
969 3726 1211 3818 προσηγορικός
1231 3755 1305 3818 per·

137 3861 248 3905 versus
264 3821 342 3905 usus
360 3840 544 3909 indicat227.
577 3839 700 3906 Verum
719 3839 800 3905 vidit
813 3839 974 3907 Villoison
995 3839 1092 3927 praef.
1106 3839 1143 3906 Il.
1158 3864 1189 3925 p.
1204 3839 1306 3905 XXIX

137 3946 209 4024 ult;
231 3946 270 4013 de
284 3947 412 4014 rhetore
426 3952 538 4014 nostro
559 3950 592 4014 et
612 3948 767 4014 historico
789 3971 830 4015 ne
853 3949 993 4033 cogitare
1016 3949 1146 4035 quidem
1168 3948 1305 4013 debebat

137 4052 263 4120 Harles.
290 4054 330 4119 ad
351 4054 473 4122 Fabric.
503 4054 539 4121 T.
564 4054 611 4122 IV
637 4081 669 4142 p.
692 4061 761 4124 399.
805 4056 948 4145 Regulos
975 4057 1013 4122 de
1042 4057 1235 4142 aspiratione
1264 4054 1304 4119 ab

205 4305 243 4347 2²⁶
260 4304 324 4360 Vid.
343 4303 484 4368 Zonaram,
501 4302 593 4374 Etym.
610 4305 655 4368 Μ,
674 4305 747 4364 Gud.

205 4389 243 4432 ²2⁷
260 4387 304 4444 Sic
321 4387 416 4444 inveni
435 4389 459 4442 E
476 4392 508 4444 29
525 4387 555 4443 in
573 4387 630 4444 Ἧι.
