3008 4980
416 308 439 357 1.
469 303 622 359 Aristarchi
639 322 715 360 error
731 306 762 360 in
779 306 914 361 vocabulo
932 308 1036 376 διερος.
1265 315 1303 374 51

138 493 220 554 opus
236 470 304 554 sit);
326 493 430 554 neque
449 472 580 537 omnino
603 473 664 537 erit
686 473 741 557 qui
761 453 910 555 improbo
933 472 1067 538 oonsilio
1090 471 1130 537 ad
1143 471 1304 537 Phaeaces

136 578 286 642 accedere
301 578 441 643 audeat.“
467 576 553 642 Novi
569 602 642 644 eum
657 601 751 643 usum
765 580 994 662 pronominum
1009 566 1115 656 οὗτος,
1138 573 1185 655 ὅς,
1209 601 1305 663 quem

135 685 234 770 vulgo
261 685 295 748 in
322 685 482 750 hocloco
508 687 748 771 interpretando
776 685 952 768 sequimur,
984 685 1192 751 Homericum
1220 709 1304 765 esse;

138 793 204 857 imo
228 792 445 857 adhibendum
465 793 564 859 fuisse
585 797 664 878 puto
687 793 727 857 ad
747 794 770 873 β
791 798 845 858 4οε

178 889 205 963 ὦ
228 894 336 984 γέρον,
360 893 418 980 σι’-χ
437 894 515 978 ἑκὰς
536 887 631 977 οὗτος
652 893 734 986 ἀνήρ
757 894 899 979 -τάχα
922 891 953 963 d'
977 892 1084 963 cincus
1106 891 1204 976 αὐτός
1223 936 1264 948 -

178 996 216 1082 ὃς
237 1003 320 1069 λαὸν
340 998 470 1091 ἤγειρα·

137 1136 234 1198 quem
252 1114 358 1179 locum
379 1136 546 1199 perperam
566 1116 703 1180 tentavit
716 1115 853 1180 Vossius
875 1116 916 1180 ad
936 1115 1044 1199 hymn.
1065 1115 1156 1180 Dem.
1171 1137 1202 1198 p.
1219 1119 1267 1181 36.
1277 1115 1307 1157 ³⁰

136 1220 222 1285 Novi
244 1221 341 1286 etiam
363 1245 436 1286 eum
456 1222 576 1304 locum,
605 1222 662 1305 qui
687 1225 798 1288 nostro
826 1209 893 1287 tam
921 1223 1027 1305 specie
1049 1221 1163 1286 similis
1186 1224 1248 1299 est,
1269 1224 1306 1286 ut

137 1331 178 1394 ab
199 1329 263 1393 isto
283 1329 362 1393 mihi
384 1347 585 1413 summopere
605 1329 783 1393 timendum
804 1329 854 1408 sit,
876 1351 903 1390 ττ
925 1334 998 1396 437;
1048 1385 1051 1389 .

261 1427 322 1498 οὐκ
343 1428 420 1499 ἔσθ’
444 1424 539 1511 οὗτος
561 1427 652 1522 ἀνήρ,
678 1428 750 1499 οὐδ’
775 1430 915 1519 ἔσσεται,
938 1431 1018 1501 οὐδὲ
1038 1431 1180 1523 γένηται,

262 1537 299 1619 ὅς
319 1564 375 1606 κεν
399 1534 578 1628 Τηλεμάχῳ
601 1544 646 1626 σῷ
666 1536 734 1606 υἱέϊ
750 1544 861 1623 χεῖρας
882 1537 1020 1609 ἐποίσει.

136 1654 209 1740 Ego
224 1655 336 1717 contra
347 1649 523 1729 defendam,
539 1637 642 1728 οὗτος,
656 1653 693 1714 ut
707 1673 778 1715 mea
791 1651 1013 1736 interpretatio
1025 1651 1177 1735 postulat,
1193 1653 1304 1717 crebro

136 1761 221 1845 apud
242 1759 420 1825 Homerum
440 1757 518 1842 poni
541 1755 710 1833 δεικτικῶς
729 1761 766 1822 ut
787 1760 822 1820 K
840 1764 909 1826 477.
934 1760 973 1821 A
994 1763 1064 1826 612.
1088 1765 1157 1826 650.
1184 1754 1217 1827 Ξ
1235 1764 1304 1826 219.
1388 1817 1392 1822 .

141 1871 172 1928 Φ
193 1871 261 1934 873.
287 1867 320 1928 Ψ
340 1872 409 1933 790.
432 1864 463 1928 Ω
486 1868 554 1932 368.
576 1886 597 1927 α
622 1871 690 1932 159.
713 1869 783 1932 340.
804 1873 888 1948 648,
910 1869 943 1930 et
965 1851 1061 1940 οὗτος
1082 1857 1170 1952 ἀνήρ,
1192 1866 1304 1931 eadem

136 1974 271 2051 ratione,
294 1976 404 2041 0238.
427 1996 445 2056 ρ
461 1978 530 2039 566.
553 1967 586 2040 Ξ
596 1979 666 2038 471.
689 1975 725 2034 Χ
738 1977 778 2040 38
800 1972 850 2054 (of.
869 1977 903 2037 Σ
913 1978 982 2041 257.
1004 1996 1031 2036 ω
1047 1975 1129 2055 260).
1153 1972 1368 2054 0616161661)

136 2103 226 2145 meae
247 2080 520 2165 interpretationis
545 2080 718 2165 vestigium
746 2084 795 2146 est
820 2081 854 2145 in
881 2081 991 2167 glossa
1016 2103 1055 2145 ex
1080 2080 1180 2145 schol.
1201 2080 1303 2146 Palat.

138 2187 235 2252 allata
256 2187 296 2252 ad
319 2185 337 2266 ζ
356 2193 430 2255 201:
458 2180 568 2271 διερός
588 2180 784 2269 βλαπτικός.

217 2293 308 2361 Alios
324 2295 479 2378 quosdam
495 2316 616 2360 errores
634 2296 796 2381 graviores
811 2294 895 2359 infra
909 2294 1045 2359 iunctim
1058 2315 1186 2378 ponam.
1207 2292 1303 2359 Nunc

136 2401 280 2486 singulas
300 2400 478 2466 Aristarchi
501 2402 740 2467 observationes
760 2402 917 2466 lectorum
942 2401 1042 2466 oculis
1070 2401 1216 2466 oblatum
1236 2401 1300 2466 ibo.

135 2508 181 2573 nt
194 2508 331 2593 primum
349 2509 495 2594 proximo
511 2509 614 2593 capite
630 2509 812 2593 exemplum
826 2510 1038 2593 pertractabo,
1056 2508 1141 2573 unde
1161 2507 1304 2573 omnium

137 2616 259 2700 optime
281 2615 349 2681 eius
371 2617 453 2681 ratio
475 2617 674 2701 perspicitur.
684 2616 733 2658 ³⁰⁸

602 2805 835 2812 ——————

658 2975 699 3048 O.
724 2975 772 3049 ΙΙ.

510 3136 663 3215 Butam,
689 3130 834 3214 οὐτάσαι,
858 3161 926 3202 am.

219 3289 238 3372 ἓ
261 3296 288 3355 1.
323 3286 361 3352 In
386 3289 448 3353 hoc
475 3289 674 3373 explanando
703 3309 797 3372 agam
823 3308 919 3370 quam
946 3290 1060 3370 potero
1087 3285 1211 3350 curiose
1235 3306 1304 3349 om-

136 3395 253 3478 niaque
268 3395 549 3480 grammaticorum
559 3392 749 3461 ¹testimonia
763 3398 909 3458 accurate
923 3393 1071 3459 enotabo.
1107 3392 1196 3456 Haec
1218 3392 1304 3456 enim

201 3587 227 3626 ⁸⁰
263 3575 313 3653 dyc
335 3583 373 3639 sic
397 3604 416 3640 α
432 3589 482 3640 403
504 3588 545 3654 μὴ
568 3578 625 3654 γὰρ
650 3573 694 3653 dy'
715 3576 800 3640 ἔλθοι
817 3581 890 3652 ἀνὴρ
914 3571 995 3645 ὅστις
1017 3573 1043 3635 o'
1061 3573 1186 3637 ἀέκοντα
1203 3582 1305 3652 βίῃφιν

137 3660 259 3738 κτήματ’
276 3659 459 3740 inopportuna
492 3674 589 3731 κεῖνος
608 3656 639 3731 ὃς
656 3670 686 3722 N
702 3671 760 3721 232.
789 3667 859 3737 Opp.
877 3666 940 3720 Hal.
960 3665 1000 3720 IV
1018 3669 1075 3720 348.
1107 3654 1162 3751 {ide
1174 3665 1303 3736 Apellen.

135 3752 187 3806 Rh.
204 3752 218 3805 Ι
235 3756 258 3806 6.
295 3756 338 3825 τῷ
354 3769 411 3807 non
428 3771 470 3824 τῳ
487 3753 505 3809 l.
523 3753 572 3807 Od.
595 3754 686 3806 1189.
704 3750 738 3805 cf.
757 3767 779 3806 e.
797 3768 824 3820 g.
844 3754 865 3805 9
885 3756 930 3807 161
950 3751 977 3820 (κ
995 3753 1047 3818 14).
1069 3778 1104 3790 -
1128 3753 1214 3812 οὑτος
1233 3750 1305 3821 ἀνὴρ

135 3836 182 3890 vel
200 3835 279 3906 ώκὴρ
299 3828 331 3899 ὃς
346 3867 380 3876 -
397 3836 560 3891 Homericae
573 3835 656 3890 simili
673 3835 782 3890 ratione
799 3834 830 3888 in
849 3835 910 3890 loco
922 3835 1081 3890 Herodoteo
1100 3834 1152 3904 <111
1165 3835 1228 3903 155)
1247 3852 1304 3890 esse

136 3922 254 3975 annotat
269 3919 431 3974 Eustathius
449 3938 476 3990 p.
491 3925 563 3984 1559,
582 3924 626 3976 36:
647 3921 700 3974 οὐκ
718 3915 781 3975 ἔστι
799 3911 885 3983 οὗτος
904 3909 982 3988 ὠτὴρ
1001 3908 1047 3974 ὅτι
1063 3921 1101 3988 μὴ
1120 3912 1162 3983 σύ,
1181 3921 1224 3992 τῷ
1241 3917 1304 3974 ἐστι

136 4003 257 4072 δύναμις
272 3997 402 4073 τοσαύτη
419 4001 471 4071 ἐμὲ
488 4007 523 4070 δὴ
541 3994 599 4059 ὧδε
620 4005 773 4058 διαθεῖναι.

202 4090 248 4132 3⁰⁸
266 4088 313 4157 <In
334 4088 477 4143 Addendis
499 4089 536 4142 ad
557 4087 710 4142 editionem
732 4086 854 4157 priorem
875 4105 902 4156 p.
920 4090 970 4140 400
987 4086 1057 4139 haec
1074 4085 1219 4154 leguntur:
1245 4087 1302 4152 „De

136 4171 329 4226 dissertatione
348 4173 469 4227 secunda
490 4189 547 4226 non
564 4171 734 4242 superfluum
756 4170 841 4225 fuerit
862 4186 987 4233 monere,
1012 4186 1057 4223 me
1078 4169 1199 4239 singulas
1221 4188 1302 4225 voces

135 4257 172 4310 ab
183 4256 343 4311 Aristarcho
355 4258 490 4311 tractatas
502 4256 658 4326 explorasse
671 4259 699 4311 et
716 4253 829 4327 probari
846 4253 915 4307 mihi
932 4250 985 4306 nisi
1003 4251 1071 4322 quid
1087 4252 1118 4306 in
1135 4255 1301 4310 contrariam

136 4344 246 4410 partem
263 4339 391 4394 additum
409 4339 483 4409 sier>

1005 4455 1007 4460 .
1061 4424 1095 4476 4*
