3008 4980
506 363 530 413 2.
554 357 596 414 Βο
613 357 808 415 constituenda
821 357 949 415 lectione.
1248 363 1307 426 353

225 524 395 590 Praeterea
410 527 497 609 quod
512 527 552 592 ad
566 525 725 593 Zenodoti
739 526 835 591 crisin
849 525 1054 592 Homericam
1074 523 1190 588 attinet
1212 527 1308 607 atque

141 632 183 696 ab
205 632 410 698 Aristarchea
437 633 662 716 differentiam,
691 634 839 700 indicabo
868 633 990 718 aliquid
1019 633 1053 697 in
1074 653 1151 696 usus
1171 630 1308 695 futuros:

141 761 218 804 nam
244 739 347 806 adhuc
373 740 512 807 multum
538 744 630 809 abest
654 746 691 808 ut
715 765 784 808 rem
802 745 947 807 accurate
968 740 1118 825 persequi
1139 739 1308 823 possimus.

140 847 319 912 Aristarchi
350 849 509 914 sententia
539 853 608 915 erat
640 843 742 935 ,μορ
770 842 906 936 Ὁμήρῳ
937 846 978 912 τὰ
1010 851 1069 913 τοῦ
1092 840 1310 932 Ἑλληνισμοῦ

140 946 394 1040 ἠκριβῶσθαιίί,
435 954 488 1022 Sic
514 949 650 1034 ἑαυτούς
675 962 709 1023 et
734 951 857 1023 ἑαυτῶν
878 960 1026 1042 corrupte
1049 955 1124 1021 dici:
1152 954 1242 1019 cuius
1263 953 1310 1018 rei

140 1065 259 1127 testem
285 1061 463 1129 Homerum
492 1086 621 1151 quoque
648 1081 730 1146 esse,
763 1057 840 1150 παρ’
875 1051 901 1151 ᾧ
934 1063 975 1128 τὰ
1008 1066 1067 1129 τοῦ
1093 1057 1310 1148 Ἑλληνισμοῦ

139 1162 337 1255 ηκρίβωτοι,
359 1171 415 1255 qui
429 1193 555 1256 semper
569 1172 691 1239 solutas
706 1173 824 1238 formas
840 1173 929 1260 σφοῖς
944 1164 1072 1250 αὐτούς,
1096 1172 1188 1256 σφῶν
1206 1160 1311 1232 αὐτῶν

141 1277 318 1343 adhiberet.
357 1277 518 1345 Discimus
545 1279 624 1348 haec
652 1283 692 1347 ab
713 1280 889 1366 Apollonio
915 1303 1006 1367 pron.
1027 1303 1059 1365 p.
1081 1286 1131 1347 91.
1170 1276 1250 1356 lam,
1271 1281 1308 1341 nt
1327 1287 1375 1337 359

142 1385 217 1466 dixi,
240 1384 316 1469 quid
330 1384 387 1450 illa
400 1409 463 1452 vox
482 1410 521 1453 ex
534 1388 713 1454 Aristarchi
728 1411 782 1455 ore
796 1389 848 1455 vel
862 1387 1036 1474 Apollonii,
1059 1387 1114 1471 qui
1129 1387 1197 1451 sine
1213 1384 1309 1450 dubio

142 1515 182 1558 ex
203 1491 291 1558 illius
313 1494 472 1561 sententia
493 1518 564 1562 eam
585 1497 789 1582 interpretari
809 1500 949 1581 poterat,
978 1497 1123 1560 accurate
1144 1493 1311 1580 significet,

143 1622 224 1683 quas
239 1600 403 1666 cautiones
426 1606 459 1668 et
480 1602 788 1689 circumscriptiones
809 1604 959 1670 habuerit
980 1603 1124 1670 evolvere
1138 1624 1206 1667 non
1224 1601 1311 1666 rale-

142 1728 224 1774 mus.
254 1705 319 1773 Sed
333 1711 460 1774 tantum
473 1714 572 1795 patet,
593 1711 621 1776 si
635 1712 707 1797 quis
721 1712 755 1775 in
769 1711 882 1796 lingua
896 1711 1067 1777 Homerica
1080 1711 1114 1775 in
1128 1710 1312 1775 universum

143 1815 273 1900 quidem
287 1816 458 1884 maximam
477 1820 636 1902 quandam
650 1819 871 1904 integritatem
891 1820 995 1885 inesse
1017 1821 1110 1903 putet
1130 1821 1312 1902 temporum

142 1943 317 2008 progressu
343 1928 376 1989 et
398 1925 607 1992 dialectorum
629 1927 819 2010 corruptelis
841 1927 1102 2012 degenerantem,
1125 1927 1193 1991 eius
1215 1925 1311 1990 crisin

97 2117 101 2126 ⁴
142 2030 348 2096 Homericam
369 2015 493 2098 diversa
511 2034 563 2098 via
584 2034 736 2120 progredi
759 2035 874 2100 debere
897 2036 937 2101 ab
960 2056 1012 2114 eo,
1039 2035 1095 2119 qni
1117 2033 1312 2098 contrarium
1364 2087 1368 2095 .

143 2139 270 2220 sentiat,
292 2139 349 2224 qui
369 2139 546 2205 Homerum
567 2145 722 2226 tanquam
743 2164 869 2208 cascum
891 2143 1028 2208 necdum
1049 2142 1128 2207 satis
1150 2141 1313 2206 excultum

143 2268 378 2331 nonnunquam
404 2269 477 2312 cum
497 2247 617 2314 Faunis
645 2249 737 2333 loqui
762 2271 829 2315 non
847 2251 1017 2322 ¹absonum
1037 2253 1143 2335 putet,
1170 2271 1229 2314 nec
1256 2249 1312 2312 ab·

144 2357 249 2419 strusa
270 2377 344 2420 eum
366 2355 527 2421 dedecere.
568 2356 612 2421 Et
633 2356 721 2437 haec,
743 2357 778 2421 ni
798 2357 901 2437 fallor,
923 2356 1080 2422 Zenodoti
1102 2357 1212 2443 opinio
1234 2360 1311 2422 erat.

144 2461 265 2527 Contra
289 2463 490 2548 singularum
515 2463 625 2549 legum
653 2465 876 2531 observatione
901 2463 1187 2530 innumerabilium
1208 2461 1312 2529 Zeno-

145 2571 222 2635 doto
243 2569 519 2657 ignotissimamm
540 2572 743 2638 Aristarchus
765 2594 798 2637 se
821 2572 1044 2638 confirmatum
1065 2573 1173 2637 sensit.

226 2678 430 2744 Aristarchus
452 2683 490 2744 ut
513 2679 679 2765 complura
698 2681 859 2765 prioribus
886 2684 1034 2765 suspecta
1061 2683 1093 2745 et
1121 2679 1312 2745 coniecturis

143 2789 257 2851 sanata
282 2785 414 2870 reliquit
440 2786 586 2867 scientia,
615 2788 660 2852 sic
688 2789 722 2853 in
750 2789 821 2854 aliis
843 2789 954 2855 eadem
976 2810 1071 2853 causa
1093 2786 1226 2852 offendit
1246 2789 1312 2872 pri-

143 2917 224 2961 mus.
266 2895 393 2960 Priores
414 2895 471 2959 ubi
493 2888 602 2982 φόβος
622 2918 681 2981 pro
704 2892 780 2973 δέος
801 2897 994 2962 invenerunt
1015 2917 1080 2961 non
1103 2895 1312 2974 offenderunt,

145 3003 234 3087 quod
247 3003 342 3068 huius
361 3000 509 3067 vocabuli
529 3001 595 3066 vim
608 3002 814 3069 Homericam
834 3026 900 3068 non
921 3006 1120 3088 perspectam
1140 3003 1312 3068 habebant.

143 3110 217 3196 Ipse
238 3110 296 3174 ubi
317 3110 407 3176 codd.
431 3109 527 3174 aliam
554 3110 650 3176 etiam
671 3111 845 3177 lectionem
865 3111 1077 3196 praebebant,
1099 3131 1145 3175 ex.
1168 3131 1214 3196 gr.
1236 3102 1313 3190 τρό-

144 3240 222 3302 μος,
243 3217 327 3282 hanc
347 3217 486 3301 recepit,
507 3217 534 3282 si
554 3218 674 3301 minus,
698 3241 826 3284 versum
845 3241 903 3302 pro
925 3217 1007 3282 falso
1028 3217 1151 3284 habuit.
1186 3217 1231 3282 Et
1250 3217 1313 3283 hoc

145 3325 354 3391 memorabile
369 3346 537 3408 nunquam
549 3324 643 3391 illum
664 3327 820 3392 eiusmodi
840 3347 950 3391 versus
973 3325 1154 3391 coniectura
1175 3347 1313 3406 sanasse,

145 3434 202 3500 sed
228 3437 306 3499 nota
333 3432 481 3517 apposita
512 3433 687 3500 damnasse.
730 3433 782 3501 Sic
803 3437 842 3496 Π
860 3440 899 3502 92
924 3456 983 3518 pro
1006 3431 1191 3499 Zenodoteo
1215 3430 1314 3516 προτὶ

135 3534 243 3604 Ἴλιον
265 3533 346 3604 nint
365 3535 503 3604 δίεσθαι
525 3540 640 3608 habuit
659 3539 759 3626 προτὶ
770 3533 876 3606 Ἴλιον
896 3535 1115 3626 ἡγεμονεύειν.
1148 3541 1212 3607 Sed
1230 3538 1312 3609 0'71

136 3640 243 3713 Ἴλιον
265 3639 346 3712 αἰπὺ
370 3643 479 3714 ἕλοιεν
495 3672 590 3716 causa
603 3648 666 3714 fuit
680 3649 871 3732 atheteseos,
888 3653 926 3714 ut
939 3654 1031 3735 patet
1045 3671 1083 3714 ex
1098 3649 1163 3713 sch.
1187 3651 1231 3712 M
1246 3656 1312 3717 115.

149 3757 177 3821 0
201 3762 251 3823 56.
290 3754 382 3822 Unde
404 3761 536 3842 apparet
561 3758 648 3826 071
673 3759 768 3824 verba
786 3749 998 3842 Ἀρίσταρχος
1018 3753 1054 3821 δὲ
1066 3750 1171 3822 Ἴλιον
1194 3752 1313 3839 ἐκπέρ-

145 3882 231 3928 οιοσι
250 3862 368 3930 falsum
396 3886 465 3931 esse
486 3864 708 3931 testimonium
733 3888 793 3932 nec
816 3865 1006 3944 Aristonici,
1032 3864 1121 3931 cuius
1142 3866 1240 3931 verba
1261 3861 1315 3929 διὸ

144 3968 203 4037 κοιλ
228 3964 403 4036 &taetrae
429 3965 448 4038 ὁ
480 3967 590 4052 στίχος
620 3960 715 4048 οὗτος
745 3978 870 4040 servata
898 3974 932 4038 in
958 3972 997 4037 D.
1031 3972 1095 4058 (Of.
1121 3972 1313 4038 lachmann.

144 4079 309 4145 Batracht.
330 4080 383 4149 ub.
405 4079 502 4146 Hom.
522 4078 559 4145 Π.
581 4104 612 4166 p.
632 4079 698 4164 54.)
725 4122 765 4132 —
790 4081 866 4146 Alia
895 4080 1039 4165 exempla
1067 4080 1209 4146 invenies
1233 4102 1313 4164 quo-

146 4210 274 4272 cunqne
293 4187 365 4254 loco
387 4188 507 4254 librum
527 4192 675 4254 nostrum
697 4188 863 4256 evolveris.

228 4294 293 4362 Sed
314 4295 392 4380 quid
409 4295 657 4381 tergiversamur
683 4319 755 4362 cum
783 4296 960 4362 habeamus
981 4297 1186 4362 testimonia?
1214 4299 1234 4358 l
1252 4301 1313 4363 222

147 4397 284 4489 ἐδητύος
309 4398 347 4483 ἐξ
368 4396 443 4488 ἔρον
470 4397 557 4470 ἔντος
591 4398 769 4491 φαίνονται
801 4401 858 4469 καὶ
887 4396 964 4486 παρ’
989 4397 1210 4488 Ἀγαμέμνονι
1237 4399 1315 4486 πρὶν

197 4503 305 4560 Lehrr,
318 4503 451 4546 Aristaroh.
1072 4507 1105 4558 23
