3008 4980
210 347 250 410 34
493 341 514 396 Ι.
532 339 573 395 De
590 339 714 394 fontibus
732 336 874 394 doctrinae
895 338 1095 393 Aristarcheae.

162 519 193 569 33
295 512 315 588 ἓ
338 515 366 574 2.
408 507 478 574 Nec
498 508 691 574 Eustathius
713 506 872 571 similibus
895 506 1055 571 erroribus
1083 507 1164 571 liber
1192 510 1254 584 est,
1283 527 1381 589 quem

209 615 296 681 limis
311 615 413 681 oculis
428 638 510 700 quos
529 617 570 681 ad
590 637 723 680 manum
744 617 902 678 sumserat
921 613 1021 679 libros
1042 615 1235 698 percurrisse
1257 617 1381 678 certum

211 728 268 788 est
290 722 430 788 'lantum
452 724 590 804 afferam,
613 726 770 808 quantum
792 722 869 787 satis
891 725 940 786 est
961 722 1002 786 ad
1023 743 1125 806 genus
1147 743 1291 787 errorum
1312 721 1391 806 sig--

144 825 198 896 (40)
209 831 412 897 nificandum.
434 854 465 916 p.
483 837 570 911 1387,
591 837 632 900 28
647 833 731 894 Ζεῦν
749 829 897 895 attribuit
911 828 1081 913 Polycrati,
1105 828 1244 894 debebat
1255 827 1381 893 Aesch-

208 938 299 1005 rioni.
336 939 399 1017 Qui
420 939 642 1026 negligentius
655 938 860 1003 Athenaeum
874 937 1048 1021 inspiceret
1069 937 1158 1019 (hinc
1173 936 1258 1000 enim
1271 936 1382 1000 hausit

208 1043 286 1110 Vlll
307 1069 338 1131 p.
364 1050 456 1130 3350)
483 1047 546 1112 hoc
566 1050 695 1131 poterat
720 1044 813 1110 facile
838 1045 915 1128 pati.
950 1043 1032 1109 Item
1055 1066 1086 1129 p.
1110 1048 1207 1126 1376,
1235 1050 1275 1110 24
1296 1042 1380 1107 Pisi-

209 1157 346 1218 stratum
370 1159 429 1239 p'ro
452 1155 586 1220 Cimone
607 1155 766 1230 nominat,
794 1173 867 1216 cum
888 1152 966 1216 item
988 1174 1028 1215 ex
1048 1151 1215 1217 Athenaeo
1237 1151 1381 1216 hauriret

209 1258 270 1324 XII
283 1283 313 1345 p.
328 1262 422 1329 5331).
460 1263 617 1328 Haeserat
636 1262 722 1326 enim
735 1261 770 1324 in
784 1258 944 1323 Pisistrati
958 1260 1098 1342 nomine,
1120 1259 1271 1337 Cimonis,
1293 1260 1382 1343 quod

208 1390 285 1434 mox
305 1370 511 1450 interdicitur,
533 1369 729 1455 neglexerat.
774 1366 976 1451 Quamquam
996 1368 1053 1433 ubi
1075 1368 1278 1432 Athenaeum
1298 1368 1381 1432 male

208 1476 366 1542 intellexit
381 1478 517 1544 fortasse
532 1479 596 1541 iam
612 1477 761 1560 epitome,
783 1497 848 1559 qua
868 1497 946 1539 usus
968 1479 1026 1554 est,
1047 1475 1206 1558 culpanda
1228 1475 1269 1557 (v.
1282 1473 1380 1541 Dind.

209 1584 250 1648 ad
271 1584 378 1650 locum
392 1586 533 1670 priorem
552 1608 584 1668 p.
600 1587 682 1668 335).
717 1583 781 1649 Sed
800 1583 872 1647 vide
894 1583 973 1647 alia:
993 1585 1032 1646 A
1045 1587 1106 1650 238
1127 1577 1283 1646 dressed
1304 1579 1383 1657 τοὺς

209 1690 378 1769 παλαιοὺς
401 1686 421 1780 ἡ
445 1688 714 1778 Μασσαλιωτικὴ
734 1687 792 1755 καὶ
812 1686 984 1774 Σινωπικῆ
1010 1682 1143 1766 έκδοσις
1163 1691 1221 1777 τῆς
1238 1683 1383 1766 Ἰλιάδος

206 1798 245 1866 τὸ
260 1795 453 1888 μαχήσομαι
468 1797 526 1864 διὰ
541 1802 601 1864 τοῦ
614 1824 634 1887 η
650 1793 726 1879 tigre.
760 1798 807 1863 At
821 1797 944 1862 scholia
959 1792 1032 1879 (,,ο1
1050 1793 1234 1881 παλαιυί“)
1254 1802 1383 1883 praeter

206 1909 265 1974 has
288 1909 367 1973 duas
388 1908 545 1972 editiones
565 1908 673 1992 plures
695 1907 877 1982 nominant3
906 1905 961 1970 ille
989 1907 1083 1972 oculo
1113 1907 1381 1991 stringens'quae

209 2017 329 2100 optime
360 2015 524 2100 placerent
553 2016 644 2099 quasi
673 2019 759 2080 sorte
783 2015 881 2078 duxit.
922 2016 962 2074 Η
981 2022 1040 2081 475
1063 2016 1106 2098 (p.
1129 2020 1203 2094 632,
1226 2017 1279 2097 23)
1301 2009 1321 2101 ἡ
1344 2010 1381 2078 δὲ

207 2126 272 2186 τῶν
287 2115 510 2205 ἀνδραπόδων
528 2120 618 2201 λέξις
635 2118 809 2210 νεωτερική
831 2118 902 2186 ε’στι
921 2119 1006 2186 κατὰ
1026 2118 1104 2197 τοὺς
1124 2116 1305 2198 παλαιούς·
1326 2118 1381 2187 διὸ

94 2276 98 2284 ·
207 2227 265 2295 καὶ
282 2221 526 2317 Ἀριστοφάνης
545 2227 603 2295 καὶ
620 2223 810 2315 Ζηνόδοτος
828 2222 976 2314 ἤθέτονν
995 2225 1033 2296 τὸ
1055 2223 1147 2306 ἔντος,
1171 2225 1206 2292 ἒν
1227 2216 1253 2312 ᾧ
1274 2230 1381 2293 κεῖται

207 2331 228 2426 ἡ
243 2334 333 2417 λέξις
346 2334 436 2422 αὕτη.
472 2338 513 2404 Η.
527 2338 549 2404 1.
565 2340 632 2405 cod.
649 2339 780 2403 exhibet
792 2361 878 2403 nunc
892 2338 972 2402 haec
986 2337 1177 2402 Aristonici:
1197 2328 1380 2420 ἀθετεῖται,

209 2439 261 2509 ὅτι
283 2442 458 2532 νεωτερικὴ
485 2441 648 2527 ὀνομασία
668 2452 727 2510 τοῦ
748 2439 977 2530 ἀνδράποδον·
1007 2438 1086 2510 οὐδὲ
1113 2442 1175 2528 γὰρ
1198 2441 1291 2528 παρὰ
1311 2446 1383 2521 τοῖς

208 2546 462 2639 ἒπιβεβληκόσιν
472 2546 606 2638 Ὁμήρῳ
621 2554 754 2620 νοεῖται.
782 2552 881 2617 lunai
899 2549 1006 2617 δὲκαὶ
1021 2549 1060 2620 τὸ
1075 2549 1173 2618 ἄλλοι
1186 2545 1380 2631 πλεονάζον.

208 2660 270 2724 Hic
285 2662 425 2726 concedo
441 2669 527 2725 nunc
549 2661 712 2741 excidisse,
735 2683 816 2745 quae
830 2660 1039 2725 Eustathium
1060 2659 1164 2724 adhuc
1182 2659 1300 2745 legisse
1321 2683 1380 2744 pu·

208 2772 323 2849 tamus,
341 2761 495 2855 ἠθετεῖτο
510 2765 568 2833 καὶ
581 2766 674 2853 παρὰ
690 2764 867 2855 Ζηνσδάτφ
888 2764 946 2832 καὶ
961 2761 1208 2854 Ἀριστοφάνει.
1247 2769 1293 2831 Α1
1306 2767 1381 2831 Α11·

208 2875 371 2940 starchum
386 2898 516 2961 quoque
531 2900 659 2942 versum
679 2877 836 2957 reiecisse,
857 2876 921 2942 hoc
942 2899 981 2941 ex
1001 2877 1059 2943 illo
1082 2869 1256 2940 άθετεῖται
1276 2875 1381 2940 nesci-

207 2983 254 3047 vit
275 2984 438 3048 extricare.
473 2986 526 3049 Ad
553 2987 635 3053 044
656 2986 848 3051 Hustathius
869 2986 927 3050 sic:
948 2982 986 3049 τὸ
1010 2981 1046 3048 δέ
1067 2978 1279 3067 τειρομένους
1300 2974 1381 3045 ἰδὼν

206 3081 354 3177 ἠλέησεν,
378 3086 461 3175 ὅπερ
476 3087 496 3179 ἡ
512 3089 791 3181 Μαυσαλιωτική,
814 3114 909 3179 φασι,
932 3089 1043 3180 γραφὴ
1059 3086 1288 3174 κτεινομένους
1305 3083 1381 3170 ἔχει.

207 3197 252 3262 At
273 3197 409 3265 scholia:
432 3193 467 3262 ἔν
487 3201 528 3288 τῇ
545 3192 804 3287 Ἀριστοφάνους
820 3197 878 3265 καὶ
900 3198 1168 3288 Μασσαλιωτικῇ
1189 3197 1246 3265 καὶ
1263 3191 1381 3283 Ἀργο-

207 3303 285 3393 1ικῇ
311 3300 414 3383 οὕτως
441 3302 578 3394 ἐφέρετο
606 3305 837 3391 κτεινομένους
857 3347 908 3375 --.
930 3312 960 3372 B
983 3313 1042 3375 532
1069 3310 1112 3392 (p.
1135 3314 1207 3388 277,
1230 3306 1281 3389 31)
1304 3306 1382 3370 dicit

208 3415 327 3497 Βῆσσα
349 3414 390 3479 ab
405 3414 591 3481 Herodiano
612 3440 671 3502 per
686 3418 805 3503 duplex
819 3439 860 3480 συ
881 3418 1035 3501 scriptum
1057 3438 1139 3482 esse:
1161 3420 1196 3480 at
1217 3437 1256 3479 ex
1271 3414 1382 3498 Steph.

207 3519 283 3604 Byz.
315 3527 447 3606 apparet
476 3546 594 3590 nomen
625 3525 856 3610 appellativum
887 3528 1014 3589 tantum
1047 3526 1087 3589 ab
1116 3523 1302 3588 Herodiano
1336 3523 1381 3586 sic

97 3667 99 3671 <
209 3628 364 3712 scriptum
386 3652 464 3708 esse,
486 3653 552 3696 non
573 3632 663 3697 urbis
684 3656 813 3699 nomen.
849 3631 923 3699 114
943 3633 990 3696 ita
1010 3632 1155 3715 loquitur
1175 3632 1275 3716 (quod
1295 3631 1381 3694 idem

207 3735 285 3800 facit
311 3737 484 3803 scholiasta
509 3739 541 3804 h.
568 3739 603 3822 1.)
636 3740 727 3824 quasi
753 3740 861 3824 plures
890 3763 948 3824 pro
974 3733 1170 3823 Κιμμερίων
1197 3739 1382 3823 scripserint

208 3838 411 3928 Χειμερίωα
441 3846 487 3911 At
508 3848 612 3912 solum
631 3846 782 3912 Proteam
797 3846 1032 3932 Zeugmatitem
1052 3848 1166 3913 fecisse
1188 3849 1320 3931 apparet
1342 3868 1381 3909 ex

163 3950 260 4015 34111.
281 3949 324 4016 Μ.
340 3953 422 4034 (513,
442 3960 505 4033 43).
541 3954 686 4020 Strictim
707 3954 807 4019 oculis
830 3957 1023 4038 percurrisse
1046 3956 1154 4039 copias
1175 3976 1248 4019 suas
1262 3953 1381 4018 Eusta-

207 4292 319 4347 homine
340 4309 482 4360 quoquam
504 4293 626 4362 intelligi
647 4295 753 4363 potest,
776 4293 942 4349 Valentinus
967 4297 1037 4350 Rosa
1063 4295 1179 4350 Aristot.
1202 4292 1378 4365 pseudepigr.

208 4395 235 4447 p.
256 4382 304 4433 153
320 4394 381 4446 sqq.
406 4367 477 4431 Οὐαὶ
494 4381 536 4450 τῷ
554 4379 655 4451 κόσμῳ
675 4370 734 4432 dno*
753 4382 815 4432 τῶν
832 4381 1012 4438 σκανδάλων.
