3008 4980
581 340 603 390 1.
628 333 859 391 Deaccentibus.
1242 345 1302 408 261

133 509 178 590 τῷ
197 494 374 588 καταλόγῳ
393 500 506 591 ψιλῶς
527 495 712 587 ἀνέγνωμεν
733 501 796 580 ,,οί
813 494 843 565 τ’
865 494 998 567 Ἐλεῶν’
1023 491 1135 582 είχονῑ(
1158 507 1199 584 (Β
1214 510 1303 588 500),·

135 607 218 699 φασὶ
236 606 298 694 γὰρ
322 602 495 674 κάνταῦθα
508 608 569 695 τὴν
583 605 797 695 Βοιωτιακην
811 598 897 673 εἶναι
909 604 1011 675 πόλιν
1022 611 1073 676 ¹⁷⁰.
1101 610 1190 677 Finis
1208 616 1304 678 notae

134 720 354 786 Herodianeae
377 718 508 798 excidit,
529 717 585 782 ubi
611 721 781 782 monuerat
803 718 927 783 etiamsi
948 718 1038 783 urbis
1058 719 1182 784 incolae
1201 723 1234 784 et
1256 742 1305 786 ac·

135 827 223 892 colae
243 818 369 889 Ἓλεῶν
391 825 537 903 dixerint,
558 829 666 889 tamen
685 825 749 889 hoc
770 826 811 889 ad
831 825 1010 890 Homerum
1032 825 1122 889 nihil·
1134 827 1304 909 pertinere.

134 934 188 1018 <In
213 932 389 999 Herodiani
417 954 475 997 scr.
498 935 537 997 tr.
555 954 587 1015 p.
605 937 666 999 259
680 930 830 996 Lehrsius
849 931 913 996 hoc
933 931 999 997 fere
1022 933 1175 998 excidisse
1198 935 1305 1000 conie-

134 1043 191 1107 cit:
215 1033 309 1125 εἰμὴ
334 1034 473 1121 λέγομεν
494 1033 546 1103 ὅτι
568 1031 605 1103 οὗ
628 1032 762 1114 πάντας
785 1034 956 1120 ἐπικρατεῖ
975 1036 995 1125 ἡ
1021 1031 1090 1104 ἀπὸ
1112 1042 1178 1104 τῶν
1194 1036 1305 1106 ε’θνῶν

131 1151 248 1234 χρῆσις
267 1142 324 1212 καί
344 1143 402 1212 ε’πί
422 1143 483 1231 τὴν
500 1138 682 1233 Ὁμηρικὴν
703 1138 916 1230 ἀνοίγνωσιν.>

219 1364 237 1446 5
259 1369 286 1427 7.
328 1361 569 1446 Rectissimum,
600 1363 687 1451 quod
713 1362 774 1426 hac
799 1361 834 1425 in
860 1383 894 1426 re
916 1363 1066 1447 probavit
1085 1364 1250 1445 iudicium,
1272 1367 1305 1430 in
1333 1397 1338 1409 ·

134 1471 247 1555 primis
274 1469 353 1534 milri
381 1472 561 1553 spectatum
584 1472 632 1532 est
654 1491 692 1534 eo
714 1468 801 1546 loco,
824 1491 919 1552 quem
938 1470 992 1534 hic
1013 1471 1219 1557 subiungam,
1240 1492 1304 1555 quo

135 1577 232 1643 simul
256 1578 336 1642 mihi
361 1577 445 1642 viam
465 1576 608 1641 muniam
631 1576 671 1640 ad
691 1575 929 1640 Herodianeem
952 1579 1113 1660 quandam
1133 1600 1244 1644 vocem
1267 1580 1305 1644 de

134 1685 312 1749 Aristarchi
344 1684 529 1749 accentibus
558 1687 645 1748 recte
678 1683 923 1750 diiudicandam.
965 1687 995 1747 Σ
1024 1690 1064 1753 39
1096 1686 1131 1749 in
1158 1685 1305 1771 catalogo

134 1789 325 1857 Nereidum:

235 1891 306 1965 ἔνθ’
330 1891 381 1984 ίίρ)
400 1892 456 1986 ἔην
477 1890 612 1984 Γλαόκη
632 1921 668 1962 τε
693 1891 824 1964 Θοίλειοί
845 1920 880 1963 τε
901 1890 1083 1984 Κυμοδόκη
1103 1922 1140 1964 τε

234 2001 367 2095 Νησαίη
387 2000 502 2072 Σπειῶ
523 2029 560 2071 τε
584 1998 654 2093 Θόη
677 2000 714 2071 θ’
733 2000 829 2091 Ἀλίη
850 2029 886 2070 τε
905 2007 1039 2089 βοῶπις
1049 2009 1106 2091 1⁷¹,
1128 2012 1188 2075 cet.

134 2109 259 2181 ἐνθάδε
287 2109 444 2201 ἕβοίρονεν
469 2108 487 2180 ὁ
509 2106 723 2197 Ἀρίσταρχος
746 2110 785 2178 τὸ
812 2107 946 2200 Γλαύκη
974 2107 1022 2190 είς
1047 2107 1228 2202 ἀποφυγὴν
1247 2119 1307 2182 τοῦ

134 2221 332 2289 ἐπιθετικοῶ
352 2224 411 2289 τοῦ
427 2219 578 2306 ,μλανκη
603 2215 642 2286 δέ
662 2214 690 2286 α’
714 2215 820 2286 ἔτικτε
834 2215 1020 2287 θάλασσαι(
1042 2225 1093 2304 (Π
1104 2228 1172 2308 34)·
1192 2219 1249 2288 ἐπὶ
1271 2221 1307 2288 δὲ

132 2333 191 2398 τοῦ
212 2323 412 2418 ,,Νημερτής
433 2353 469 2395 τε
490 2326 547 2394 καί
564 2321 760 2417 Ἀηιεοιίηςα
783 2332 825 2416 (Σ
840 2334 893 2412 46)
917 2321 978 2394 οὐκ
999 2325 1184 2416 ἐποιήσατο
1205 2354 1307 2414 μετα-

134 2437 239 2526 βολην
259 2433 367 2506 τόνου.

216 2546 293 2614 Non
315 2547 486 2612 cuiuslibet
508 2549 577 2610 erat
597 2545 729 2624 sentire,
757 2545 836 2630 quid
856 2545 942 2610 inter
963 2544 1105 2611 Glaucen
1128 2545 1306 2632 Thoenque

136 2658 306 2722 interesset
333 2658 366 2720 et
386 2656 472 2720 inter
491 2654 551 2718 has
573 2653 668 2735 duas,
695 2674 774 2735 quas
801 2674 821 2715 a
841 2651 986 2718 Deorum
1011 2654 1208 2719 marinorum
1229 2656 1306 2719 arti·

137 2764 209 2829 ficio
225 2762 420 2828 vaticinandi
438 2754 590 2850 Ἀψεοιίη
612 2764 646 2826 et
660 2761 819 2847 Νημερτῆ
840 2764 955 2844 poetae
978 2761 1082 2826 dicere
1101 2761 1229 2846 placuit.
1263 2761 1308 2827 At

138 2873 274 2937 interest
299 2873 408 2936 utrum
429 2870 476 2934 sic
496 2869 601 2955 finges
622 2868 755 2955 nomina
773 2871 811 2933 ut
831 2868 994 2952 propriam
1015 2868 1163 2933 adiectivi
1184 2869 1307 2954 signifi·

138 2980 298 3045 sationem
319 2977 479 3045 audientis
499 2977 606 3043 animo
628 2975 786 3040 insinuari
806 2974 885 3041 velis
908 2998 948 3040 an
970 2976 1016 3041 ita
1030 2976 1115 3041 utin
1130 2982 1218 3042 ¹mera
1231 2999 1307 3061 pro·

136 3088 207 3172 pria
228 3086 354 3151 abeant.
396 3084 451 3152 Sic
475 3083 687 3168 Empedocles
712 3083 926 3148 humanarum
953 3083 1159 3149 affectionum
1180 3088 1307 3150 coetum

137 3216 226 3258 more
249 3215 307 3258 suo
329 3215 387 3278 per
408 3191 596 3277 allegoriam
617 3191 780 3268 inducens,
799 3213 828 3254 v.
855 3198 890 3258 11
914 3191 990 3276 <393
1009 3189 1141 3275 Stein.>:

238 3292 308 3365 ἔνθ’
331 3289 416 3386 ἦσαν
436 3291 574 3382 Χθονίη
594 3319 630 3360 τε
650 3292 707 3361 καί
721 3290 871 3384 Ἡλιόπη
891 3299 1074 3376 ταναῶπις,

239 3402 346 3494 Λῆρίς
365 3399 401 3471 θ’
426 3399 627 3488 αἱματόεσσα
648 3401 706 3469 καί
722 3398 882 3491 Ἁρμονίη
905 3406 1111 3492 θεμερῶπις,

239 3508 417 3580 Καλλιστώ
437 3506 464 3577 τ’
488 3505 620 3600 Αίσχρή
641 3535 677 3577 τε
701 3506 823 3578 Θόωσοί
843 3535 879 3577 τε
898 3508 1029 3601 Ληναιη
1049 3536 1095 3592 τε,
1182 3556 1186 3564 ·
1318 3535 1389 3610 (274)

241 3617 415 3710 Νημερτής
434 3614 461 3685 τ’
486 3616 623 3708 ἐρόεσσα
642 3614 878 3707 μελάγκαρπός
895 3613 921 3685 τ’
943 3614 1121 3711 Ἀσάφεια.

136 3732 253 3800 Noluit
272 3735 370 3819 poeta
390 3730 603 3816 philosophus
617 3729 763 3815 vulgaria
778 3730 936 3815 quaedam
949 3732 1089 3811 nomina,
1103 3735 1140 3797 ut
1153 3731 1305 3816 frequens
1324 3747 1372 3799 265

137 3844 266 3907 senatus
289 3843 386 3919 esset,
413 3839 579 3918 inducere,
605 3837 662 3902 sed
689 3859 727 3902 ea
755 3839 889 3921 quaeri
911 3861 970 3904 sue
995 3842 1028 3903 et
1048 3843 1163 3904 natura
1184 3830 1308 3905 animos

135 3948 315 4034 legentium
342 3948 454 4013 adres
476 3946 672 4032 significatas
695 3945 857 4010 ducerent.
902 3945 1007 4023 Quare
1028 3946 1184 4013 hocloco
1207 3948 1308 4013 nolim

137 4061 250 4120 auctor
271 4077 340 4120 ease
362 4059 399 4120 ut
419 4049 549 4141 Δηναίη
571 4052 728 4118 scribatur
749 4053 800 4117 vel
820 4045 963 4140 Αἴσχρη,
988 4056 1075 4138 quod
1097 4055 1230 4120 nutricis
1251 4078 1308 4139 ap·

205 4224 243 4267 17⁰
259 4221 372 4277 lStrab.
390 4220 430 4275 IX
447 4225 513 4286 439„
865 4277 868 4283 .

206 4307 241 4349 171
261 4306 338 4361 Haec
356 4304 510 4360 Aristarchi
531 4303 614 4359 huius
636 4320 729 4359 versus
746 4302 842 4370 lectio,
865 4321 923 4360 non
940 4322 1012 4374 quae
1030 4304 1173 4362 Miitnellio
1190 4305 1249 4361 visa
1266 4309 1308 4361 est

136 4391 167 4446 in
184 4389 328 4448 sententiis
345 4388 528 4446 controversie
546 4389 618 4461 (Hal.
640 4389 724 4460 leco),
742 4390 775 4444 ut
792 4391 951 4459 opportuno
969 4393 1096 4462 tempore
1116 4390 1268 4447 ostendam.
