3008 4980
220 297 281 360 252
671 287 719 345 IV.
741 285 783 342 De
800 284 936 357 prosodia.

219 477 283 535 στν,
307 451 419 540 ὥσπερ
441 450 499 520 καὶ
523 448 704 540 αὐτάρκων,
728 451 785 519 καὶ
807 451 845 521 τὸ
866 448 1023 540 συνήθων
1044 448 1101 517 καὶ
1122 444 1308 537 κακοήθων
1326 454 1387 532 βα-

219 558 350 649 ρύνεται
380 559 490 644 ὥσπερ
521 559 578 626 καὶ
608 560 650 626 τὰ
681 555 790 626 αὐτῶν
820 556 1037 647 ἐπιρρήματα.
1085 560 1132 626 cf.
1158 560 1259 627 ctiam
1285 558 1388 644 ipsum

218 671 374 737 Ioannem
400 671 464 737 alio
496 670 692 754 locop39,
717 677 765 737 12.
812 669 876 736 Ubi
897 667 1110 735 Aristarcheis
1136 667 1268 733 additur
1288 657 1388 732 νοσώ-

221 777 298 847 δων.
335 773 352 843 ὁ
376 773 413 844 δὲ
431 771 645 862 Ἀρίσταρχος
665 774 721 842 καὶ
740 775 778 842 τὸ
800 770 956 844 νοσώδισν
978 771 1132 857 ἕβάρυνσν
1152 767 1296 857 ἀλόγως.

135 998 208 1070 (aaa)
303 988 322 1070 5
343 992 372 1053 3.
418 985 482 1053 Sed
508 988 565 1052 ubi
586 1009 664 1052 usus
691 987 853 1065 deficeret,
877 985 898 1049 i.
922 1006 949 1052 e.
975 983 1009 1047 in
1038 982 1195 1048 obsoletis
1222 982 1336 1048 formis
1358 987 1389 1048 et

218 1093 396 1173 vocabulis,
417 1118 481 1179 qua
501 1095 553 1160 via
573 1094 778 1160 Aristarchus
800 1094 966 1177 ingressus
988 1094 1057 1156 est?
1086 1091 1194 1155 Pauca
1216 1093 1308 1168 sunt,
1331 1091 1389 1155 'sed

220 1202 380 1285 quantivis
408 1202 504 1286 pretii
537 1202 635 1267 verba
665 1201 842 1266 Herodiani
874 1221 956 1284 quae
987 1198 1145 1276 indicant,
1179 1198 1221 1263 ad
1250 1201 1292 1261 A
1318 1204 1389 1266 659:

218 1303 488 1394 προπαραξύνθρ
511 1303 548 1372 δὲ
567 1301 635 1373 ὑπὸ
657 1310 717 1372 τοῦ
730 1300 947 1391 Ἀριστάρχου
969 1307 1023 1389 (sc.
1039 1297 1233 1388 οὐτάμενος)
1254 1300 1315 1369 διὰ
1334 1301 1389 1369 τὸν

217 1418 418 1501 χαρακτῆρα,
439 1404 1188 1499 ἐπεὶαἲτοιαῦταιμετοχαὶπροπαροξύνοντο,
1206 1403 1390 1497 ἱστάμενος,

219 1517 422 1607 κιχράμενσς.
462 1516 480 1590 ὁ
509 1521 582 1608 γὰρ
605 1516 702 1610 ἀνὴρ
723 1524 775 1606 τῷ
792 1522 1016 1606 χαρακτῆρι
1036 1519 1188 1601 μᾶλλον
1209 1517 1307 1598 τοὺς
1326 1514 1390 1587 τό·

220 1653 309 1707 νονς
329 1624 549 1714 προσνέμει
560 1632 614 1695 ¹⁵⁹.
649 1622 837 1711 Οὗτάμενος
851 1652 924 1694 cum
939 1627 1010 1694 aliis
1025 1628 1146 1693 nemini
1159 1628 1284 1714 ignotis
1298 1628 1390 1694 Butt

218 1759 346 1816 manno,
367 1741 404 1802 ut
418 1741 554 1816 constat,
576 1739 687 1804 coristi
706 1741 781 1803 suut
802 1759 860 1822 per
881 1757 1043 1821 syncopen
1064 1735 1148 1801 facti.
1185 1735 1283 1813 Quod
1304 1737 1332 1802 si
1351 1736 1389 1801 iis

218 1844 337 1909 finibus
363 1845 646 1924 circumscribitur,
674 1866 755 1929 quos
781 1845 850 1929 ipse
871 1844 920 1909 vir
941 1843 1182 1910 sollertissimus
1202 1842 1241 1912 Τ.
1263 1842 1297 1909 Π
1318 1868 1348 1930 p.
1369 1851 1388 1912 2

219 1954 285 2014 not.
301 1954 333 2015 et
346 1974 377 2035 p.
397 1959 434 2020 10
449 1957 516 2018 not.
532 1952 693 2031 indicavit,
709 1952 883 2017 concedere
894 1973 1075 2035 possumus.
1094 1951 1230 2037 Proprie
1245 1952 1389 2038 plerique

218 2079 284 2121 non
303 2061 379 2122 sunt
400 2058 512 2124 coristi
534 2058 590 2123 sed
611 2060 763 2144 analogia
784 2081 850 2124 non
873 2059 951 2123 satis
973 2081 1122 2142 expressa
1142 2059 1237 2124 fictae
1258 2060 1390 2141 formae,

218 2164 313 2228 modo
337 2165 378 2230 ad
399 2166 549 2246 aoristos,
570 2166 667 2231 modo
690 2168 730 2231 ad
750 2166 821 2251 ipsa
841 2166 1024 2251 praesentia
1043 2166 1178 2250 propius
1200 2167 1389 2233 accedentes

218 2275 257 2348 (v.
279 2269 401 2337 Buttm.
422 2296 454 2357 p.
472 2279 508 2340 12
530 2277 598 2339 not.
621 2278 640 2341 8
662 2278 694 2338 et
715 2297 744 2358 p.
765 2279 804 2340 23
826 2278 895 2341 not.
910 2275 952 2356 3).
986 2271 1043 2337 Uti
1064 2273 1165 2357 igitur
1186 2276 1276 2339 totae
1299 2275 1389 2359 quasi

217 2376 374 2443 similibus
388 2379 466 2461 istis,
489 2403 571 2465 quae
585 2380 790 2466 loquentium
804 2379 914 2445 sensui
935 2381 1198 2458 obversabantur,
1221 2382 1389 2462 debentur,

217 2484 262 2549 sic
288 2508 348 2551 nec
373 2491 523 2552 accentus
550 2488 591 2553 ad
612 2488 709 2553 aliam
730 2510 826 2573 quam
846 2488 887 2551 ad
907 2487 1024 2553 horum
1045 2488 1290 2555 similitudinem
1311 2491 1390 2575 poni

216 2596 353 2676 poterat.
390 2593 484 2672 Quod
497 2596 674 2661 rectissime
696 2595 798 2660 sensit
817 2594 1031 2659 Aristarchus
1068 2595 1239 2662 Praeterea
1260 2603 1299 2664 ut
1321 2622 1388 2665 om·

216 2700 294 2765 nino
323 2702 530 2786 synecdrome
547 2723 700 2786 magnum
721 2702 833 2768 Graeci
855 2703 1010 2767 sermonis
1033 2707 1232 2770 momentum
1255 2709 1319 2786 est,
1345 2707 1389 2772 sio

216 2807 250 2871 in
269 2809 453 2875 accentibus
473 2809 638 2875 valuit150.
675 2810 785 2896 Ipsum
807 2803 867 2872 ἰών
888 2831 954 2873 non
976 2811 1114 2876 aoristus
1136 2816 1275 2892 estnec
1296 2807 1388 2898 κιών,

217 2914 273 2979 sed
300 2920 431 3001 propter
459 2917 639 3002 simplicem
668 2918 805 2983 formam
829 2920 996 2982 accentum
1018 2918 1146 2983 aoristis
1169 2921 1209 3001 (e.
1230 2942 1262 3006 g.
1285 2915 1387 3005 πιών)

217 3025 508 3091 accommodarunt.
544 3025 589 3090 Et
610 3029 723 3090 contra
742 3025 872 3089 videant
894 3025 973 3108 quid
994 3030 1105 3111 agant,
1132 3028 1187 3111 qui
1210 3030 1299 3113 quod
1319 3025 1387 3114 ἕρε-

217 3131 313 3207 osas,
337 3129 531 3210 διωκοθειν,
550 3154 683 3210 πιτνων,
706 3125 824 3220 ὀφλειν
839 3133 1031 3198 aoristorum
1046 3133 1315 3218 significationem
1328 3136 1387 3203 ha·

217 3236 307 3317 beut,
332 3241 486 3305 continuo
514 3244 682 3306 accentum
708 3240 901 3305 aoristorum
929 3241 1155 3306 accersendum
1181 3245 1308 3326 putant.
1349 3242 1386 3309 Iu

158 3364 162 3371 ·
218 3364 282 3426 quo
311 3367 406 3429 quam
429 3371 496 3414 non
522 3349 730 3414 subleventur
750 3347 900 3431 paradosi
922 3348 984 3432 ipsi
1006 3348 1121 3432 opinor
1143 3350 1297 3416 sentiunt.
1332 3352 1387 3418 Do

135 3419 386 3553 (ἓξὲἔρεσθαι
423 3455 566 3521 diserte
600 3459 768 3521 testatur
798 3454 1050 3520 Herodianus
1079 3459 1118 3518 Π
1144 3458 1254 3537 47161,
1284 3481 1387 3523 κατα-

219 3555 359 3643 δάρθειν
381 3560 509 3628 Atticos
531 3564 635 3628 dicere
656 3585 715 3648 pro
736 3561 962 3644 καταδαρθεῖν
984 3564 1083 3629 schol.
1104 3562 1191 3630 Nub.
1213 3570 1263 3634 38.

298 3667 520 3735 Aristarchum
549 3671 682 3736 eandem
718 3670 877 3735 rationem
912 3673 1059 3736 secutum
1085 3693 1154 3736 esse
1180 3672 1326 3740 videmus
1353 3676 1388 3739 in

220 3787 428 3798 -—-——

283 3835 320 3876 1⁵⁹
341 3834 429 3889 Addit
453 3829 548 3898 ἄλλος
573 3853 606 3891 τε
633 3837 684 3891 καὶ
705 3837 722 3906 ἡ
745 3832 884 3905 γινομένη
905 3839 960 3890 τοῦ
983 3851 1001 3889 σ
1022 3829 1126 3905 doecre
1146 3839 1196 3892 καὶ
1217 3837 1390 3910 ἀναδρομὴν

216 3917 370 3988 ἐργάζεται
386 3917 483 3974 τόνον.
513 3919 574 3974 Hoc
590 3919 716 3990 sequitur
728 3917 901 3989 Apollonius,
921 3919 956 3973 de
970 3919 1041 3977 coni
1054 3938 1082 3989 p.
1095 3924 1152 3978 496.
1181 3922 1314 3978 Ceterum
1330 3924 1389 3994 qni·

215 4003 267 4058 bus
287 4003 357 4059 haec
379 4001 457 4058 cordi
479 4006 545 4059 sunt
567 4007 666 4060 auctor
687 4004 739 4059 sim
756 4006 790 4058 ut
806 4007 898 4059 totum
914 4004 1068 4059 Herodiani
1085 4005 1209 4061 scholion
1225 4007 1312 4076 paulo
1329 4009 1388 4065 lon·

216 4087 284 4156 gius,
302 4086 378 4142 ouius
395 4090 505 4158 partem
521 4105 605 4158 supra
622 4088 724 4159 scripsi,
746 4087 858 4144 adeant.

282 4174 320 4215 16⁰
336 4171 435 4227 Refero
447 4171 502 4226 huc
514 4169 661 4245 αἰχμητής,
679 4173 755 4243 quod
767 4172 940 4242 applicatum
957 4177 999 4228 est
1015 4173 1051 4227 ad
1068 4178 1204 4246 μαχητής.
1236 4177 1390 4247 Βλὴμενος

215 4257 330 4313 fortasse
341 4274 398 4313 non
410 4256 516 4311 dictum
528 4259 607 4324 esset,
624 4257 678 4312 nisi
689 4259 721 4312 ut
732 4255 939 4326 quodammodo
951 4257 1131 4327 responderet
1142 4257 1206 4313 voci
1218 4253 1390 4330 οὐτάμενσς.

284 4344 320 4386 1⁶1
337 4342 416 4399 Idem
432 4343 507 4399 corto
524 4359 580 4398 non
597 4343 677 4400 novit
693 4334 804 4400 πιτνών
821 4341 849 4396 11
866 4345 923 4397 8²⁷.
954 4341 994 4399 cf.
1012 4342 1079 4398 Lob.
1097 4342 1141 4397 Αἰ.
1160 4349 1216 4399 184.
