3008 4980
214 310 274 381 222
394 301 442 364 ΠΙ.
471 298 512 364 be
529 298 683 363 Aristarchi
699 296 815 361 scientia
833 296 1010 376 antiquitatis
1025 293 1201 359 Homericae.

215 470 374 553 νεωλκίας
400 469 421 561 ἡ
449 466 686 563 παρατήρησις.
728 475 768 537 Λ
787 479 849 541 622
879 465 911 558 (ἡ
936 469 1054 559 διπλῆ)
1087 467 1142 537 ὅτι
1169 471 1291 559 σαφῶς
1317 464 1377 555 (δτι

214 579 320 673 σαφές
343 578 397 649 ὅτι
422 584 509 669 cod.)
539 571 632 648 οὗτοι
658 577 744 664 πρὸς
767 583 807 669 τῇ
831 573 988 666 θαλάσση
1008 570 1285 666 νενεωλκήκασιν.
1327 583 1378 647 897

215 685 248 776 (η
273 690 391 777 διπλῆ)
417 688 503 777 πρὸς
526 687 564 754 τδ
586 690 646 754 τοῦ
666 683 894 771 στρατοπέδου
920 678 1168 771 διάγραμμα,
1195 681 1249 751 ὅτι
1269 678 1379 749 sinoti-

214 801 316 862 θιται
336 794 421 861 κατὰ
438 793 541 879 μέσον
561 798 620 862 τοῦ
641 791 855 878 ναυστάθμου
870 792 1074 880 θεατροειδῆ
1093 786 1204 859 τόπον
1225 785 1275 869 εἰς
1289 784 1379 871 ὄχλον

97 980 102 989 1
215 898 414 991 συναγωγήν.
443 908 488 968 Μ
508 910 566 972 118
589 898 640 969 ὅτι
661 900 745 968 κατὰ
768 894 924 988 ἀριστερὰ
938 903 997 967 τοῦ
1015 896 1237 982 ναυστάθμου
1251 897 1273 985 ἡ
1289 892 1378 984 πάλη.

217 1018 276 1081 128
295 1005 508 1096 Ἀρίσταρχος
529 1008 566 1076 ἐκ
586 1006 710 1075 τούτων
732 1007 832 1097 φησὶν
852 1004 905 1076 ὅτι
919 1001 1089 1073 Λαπίθαι
1109 1004 1195 1090 μετὰ
1213 1000 1380 1092 Ἰδομενῆα

216 1113 475 1205 νενεωλκήκασιν
497 1119 562 1203 (V).
590 1121 635 1182 M
654 1125 714 1188 335
736 1111 767 1205 (ἡ
787 1116 826 1201 δ.)
848 1112 902 1182 ὅτι
923 1112 958 1181 έν
978 1118 1048 1194 τοῖς
1070 1108 1257 1203 ἀριστεροῖς
1273 1110 1381 1199 μέρεσι

215 1229 275 1292 τοῦ
301 1220 517 1307 ναυστάθμου
545 1221 674 1310 γέγονεν
700 1219 720 1313 ἡ
744 1220 846 1312 μάχη,
872 1219 960 1290 ὅπου
981 1220 1039 1289 καὶ
1064 1217 1096 1288 oi
1117 1216 1270 1300 Αἴαντες
1291 1215 1381 1308 doad-

216 1357 300 1401 νουν.
333 1339 369 1396 Ν
388 1339 446 1402 681
475 1325 507 1418 (ἡ
531 1331 649 1420 διπλῆ)
673 1328 725 1398 δτι
745 1334 805 1397 τοῦ
826 1332 968 1415 Λοκροῦ
992 1325 1083 1415 λέγει
1103 1323 1271 1407 Αἴαντος·
1295 1317 1381 1406 οὗτος

216 1438 278 1526 γὰρ
310 1436 451 1527 πλησίον
481 1435 633 1506 ἐνεώλκει
661 1443 721 1506 τοῦ
746 1433 993 1525 Πρωτεσιλάου.
1035 1435 1121 1522 πρὸς
1151 1434 1194 1502 τά
1226 1434 1306 1523 περὶ
1331 1443 1381 1503 τοῦ

216 1543 441 1630 ναυστάθμου.
485 1554 544 1615 765
573 1540 605 1633 (ἡ
632 1545 749 1634 διπλῆ)
778 1542 830 1613 ὅτι
850 1549 910 1612 τοῦ
931 1539 1146 1627 ναυστάθμου
1168 1541 1213 1610 τὰ
1232 1537 1380 1629 άριστερα

217 1652 315 1739 λέγει.
357 1651 446 1725 Ξ28
472 1651 542 1737 πάρ
564 1658 664 1740 νηῶν·
691 1647 760 1720 άπὸ
788 1657 854 1718 τῶν
879 1649 964 1734 πρὸς
989 1648 1169 1718 θάλασσαν
1195 1648 1256 1718 ἐπὶ
1274 1649 1382 1730 τὰςέν

215 1766 263 1848 τῷ
283 1757 383 1842 τείχει
405 1763 541 1848 <B>¹³⁸⁸.
584 1758 618 1831 Ξ
635 1769 674 1830 31
696 1762 935 1829 Autochthonis
962 1761 1132 1847 explicatio
1162 1764 1291 1827 servata
1311 1763 1380 1847 (qno

216 1872 250 1935 in
273 1870 395 1936 scholio
417 1894 476 1956 pro
499 1866 669 1955 προτέρων
690 1870 713 1938 l.
728 1865 976 1956 necessum),
1000 1868 1179 1934 Aristarchi
1197 1869 1317 1935 amissa
1330 1872 1380 1948 est,

135 1997 205 2066 (231)
220 2000 302 2062 quae
328 1981 435 2042 tamen
462 1978 502 2043 ab
528 1977 585 2042 illa
607 1979 730 2045 diversa
752 1983 833 2059 erat,
860 1978 948 2063 quod
968 1966 1171 2061 indc'patct,
1193 1976 1284 2060 quod
1304 1969 1381 2058 πρά-

215 2106 334 2171 μνηοιν
355 2084 522 2164 intellexit,
544 2089 581 2150 ut
603 2087 700 2152 debet
720 2086 861 2172 intelligi
886 2107 1027 2171 „puppes
1053 2084 1200 2149 navium“
1228 2107 1298 2150 non
1317 2104 1382 2165 „ex-

217 2195 336 2256 tremae
357 2199 471 2257 naves*
489 2195 531 2274 (v.
547 2194 714 2279 egregium
728 2193 907 2258 Herodiani
929 2191 1028 2258 schol'¹
1051 2216 1080 2258 v.
1102 2196 1142 2259 32
1155 2193 1222 2274 189).
1259 2192 1310 2257 Ex
1322 2191 1381 2256 He·

216 2299 341 2365 rodiani
377 2304 409 2365 et
440 2300 681 2367 Autochthonis
719 2300 849 2367 scholiis
882 2300 1032 2366 discimus
1066 2301 1229 2366 Oratetem
1259 2304 1381 2384 putasse

219 2408 298 2473 duos
319 2407 418 2472 fuisse
440 2409 570 2473 navium
592 2410 728 2475 ordines
764 2408 860 2487 Quod
881 2409 1086 2474 Aristarchus
1108 2408 1178 2473 iure
1199 2408 1313 2474 reiecit
1334 2406 1382 2492 qni
1407 2440 1412 2455 ·

218 2537 283 2579 uno
311 2515 537 2581 semicirculari
568 2518 678 2582 ordine
704 2516 827 2600 positas
848 2515 947 2581 fuisse
969 2516 1093 2583 sumsit.
1136 2514 1272 2580 Planius
1293 2515 1382 2581 etiam

219 2624 313 2688 docet
333 2623 536 2689 Aristonicus
558 2625 646 2691 adv.
671 2629 709 2692 35
732 2622 763 2710 (ἡ
789 2621 907 2709 διπλῆ)
930 2619 983 2689 ὅτι
1002 2617 1216 2709 προκρόσσας
1236 2620 1298 2700 τὰς
1316 2620 1382 2687 κλι-

216 2727 368 2816 μακηδδν
381 2731 425 2772 1⁴¹⁰
451 2726 713 2817 νενεωλκημένας
739 2726 852 2815 ἑτέρας
876 2727 962 2815 πρὸς
988 2731 1021 2814 (l.
1038 2727 1118 2815 πρὸ)
1144 2723 1281 2814 ἑτέρων,
1306 2725 1382 2794 ὥστε

218 2834 479 2921 θεατροειδές
500 2839 552 2922 (cf.
567 2842 606 2903 Α
621 2841 694 2922 897)
717 2833 903 2926 φαίνεσθαι
923 2835 961 2904 sd
976 2833 1148 2902 νεώλκιον·
1170 2831 1312 2921 κρόσσαι
1328 2832 1381 2920 γὰρ

220 2939 254 3008 αἱ
275 2937 442 3026 κλίμακες.
485 2950 616 3028 πρῶται
641 2949 717 3032 νῆες
742 2942 831 3015 Ξ31
854 2947 1016 3012 intellexit
1037 2946 1172 3031 quaein
1198 2966 1279 3032 agro
1301 2945 1383 3010 erant

218 3075 310 3118 muro
332 3053 495 3137 proximae
518 3054 599 3134 („die
614 3055 818 3119 vorderstcn“
839 3059 877 3120 ut
891 3058 1023 3138 πρῶτος
1040 3046 1162 3139 ῥυμός),
1176 3053 1258 3118 item
1279 3055 1381 3120 0653.

284 3274 342 3314 138⁸
359 3271 431 3341 <Hoc
443 3270 526 3325 schol.
539 3288 596 3326 non
613 3269 672 3325 sine
685 3269 863 3327 dubitatione
876 3270 1056 3327 Aristoniceis
1074 3269 1174 3326 tribuit
1185 3266 1382 3324 Friedlacnder.

220 3354 306 3410 Deest
323 3353 353 3409 in
371 3355 431 3410 cod.
451 3356 498 3424 A.)

285 3441 341 3482 1381)
359 3439 461 3509 <Quam
473 3438 662 3494 coniecturam
675 3457 749 3495 nunc
762 3440 890 3495 codicum
901 3441 923 3493 B
936 3444 965 3496 et
980 3439 1002 3494 L
1013 3438 1181 3494 auctoritate
1201 3439 1383 3494 confirmatum

218 3523 319 3577 iniuria
339 3522 519 3593 reprehendit
536 3523 565 3579 O.
583 3523 775 3580 Wachsmuth.
795 3526 829 3580 de
847 3525 920 3579 Crat.
943 3525 1019 3578 Mali.
1037 3543 1064 3594 p.
1083 3526 1137 3594 29.>

286 3611 323 3651 139
357 3609 672 3680 προπαροξυτονητέον
691 3610 726 3664 τδ
746 3608 917 3680 πρύμνῃσιν.
946 3610 1063 3681 Κράτης
1078 3607 1181 3676 μέντοι
1197 3607 1387 3679 προπεριοιιᾷ,

219 3684 336 3747 άκοάων
352 3691 402 3748 ἐπὶ
413 3701 478 3757 ταῖς
494 3692 638 3763 ἐσχάταις,
655 3695 817 3763 πλανηθεὶς
833 3692 870 3749 ἐκ
887 3697 940 3749 τοῦ
958 3689 1028 3758 ,τὰς
1044 3685 1101 3763 γάρ
1120 3683 1241 3763 πρώτας
1257 3690 1386 3747 πεδίονδε

219 3769 364 3847 εἷ’ρυσαν“.
394 3767 538 3847 άχνοεῑδὲ
552 3765 597 3832 δτι
617 3776 633 3832 δ
651 3781 773 3847 ποιητὴς
791 3777 832 3842 οἷς
850 3773 900 3833 dal
916 3770 951 3833 τδ
970 3775 1046 3832 πολὺ
1063 3770 1095 3832 τά
1112 3769 1246 3847 πρυμνὸν
1264 3774 1300 3832 οδ
1315 3776 1386 3843 τίθη

218 3874 265 3914 σιν
277 3855 325 3915 ἐπὶ
337 3863 495 3924 διεστῶτος
511 3853 648 3930 σώματος
661 3852 721 3916 ἀλλ’
738 3859 787 3916 ἐπὶ
804 3860 968 3933 ἡνωμένον·
988 3853 1137 3932 ,πρυμνὸν
1153 3857 1230 3931 ὑπὲρ
1248 3859 1386 3930 θέναρος·

219 3944 256 4014 (Ε
271 3946 343 4012 1139)·
370 3948 441 4011 ,τοῦ
462 3936 491 3998 δ’
508 3937 567 4000 clud
590 3943 645 4014 μὲν
662 3948 798 4014 γλῶσσαν
813 3949 947 4017 πρυμνὴν
963 3946 1054 4013 τάμε“
1075 3944 1123 4017 (ib.
1141 3944 1215 4015 292)·
1243 3943 1388 4014 ,πρυμνὴν

218 4021 430 4095 ἐκτάμνοντες11
449 4029 495 4098 (M
511 4031 577 4101 149).

285 4114 323 4154 14⁰
357 4111 398 4170 Cf.
414 4113 450 4165 M
464 4117 512 4168 258
535 4109 581 4170 δτι
604 4107 734 4184 κρόσσας
758 4113 792 4170 έν
807 4113 863 4183 μὲν
880 4121 944 4179 τοῖς
959 4111 1147 4184 ὑπομνήμασι
1164 4107 1339 4183 κεφαλίδας,
1360 4105 1389 4167 δν

220 4195 252 4253 δὲ
269 4201 332 4260 τοῖς
352 4198 419 4267 περὶ
439 4201 493 4252 τοῦ
511 4199 703 4267 ναυστάθμου
720 4200 862 4266 κλλμακας
880 4199 926 4266 (cf.
939 4199 1041 4269 Porph.
1060 4200 1089 4252 et
1101 4197 1224 4252 Nicanor
1241 4197 1268 4253 h.
1287 4195 1327 4268 1.).
1354 4192 1387 4249 Et

219 4283 292 4337 hanc
304 4280 520 4352 explicationem
539 4278 703 4351 (κλίμακας)
722 4282 852 4352 probavit
870 4283 962 4352 priore
982 4281 1094 4337 reiecta.
1125 4281 1227 4336 Statim
1245 4276 1390 4352 apparebit

221 4366 442 4422 dissertationem
460 4365 495 4420 de
512 4366 658 4420 navalibus
676 4370 740 4436 post
756 4366 969 4421 commentarios
987 4366 1120 4437 scriptam
1138 4382 1203 4421 esse.
1250 4402 1253 4407 >
