3008 4980
488 313 509 365 1.
533 308 574 365 De
591 312 664 376 atre,
682 309 802 377 aethere,
821 309 948 383 Olympo.
1247 321 1305 384 167

134 468 334 562 ἆϊχθητηνῆ
371 475 474 542 Βοσε
498 477 619 543 factum
647 477 735 562 quod
766 477 863 543 etiam
890 479 925 544 in
955 479 1081 546 duobus
1107 478 1305 546 difficillimis

134 583 215 649 locis
231 583 307 668 quid
320 583 423 668 egerit
438 588 523 649 certo
545 583 654 667 aliquo
674 583 772 649 modo
796 607 835 650 ex
855 585 999 670 reliquiis
1020 586 1199 672 intelligere
1219 587 1304 654 licet

138 692 238 759 Θ19.
258 697 299 758 25
323 691 358 755 in
388 713 484 757 aurea
510 693 624 756 catena
644 688 742 756 Iovis:
770 686 803 778 (ἡ
828 690 947 779 διπλῆ)
976 688 1029 759 ὅτι
1056 686 1087 758 εί
1104 690 1150 782 μὴ
1175 690 1305 774 ε’κδεξό-

133 800 228 880 μεθα
246 789 423 880 ’Όλυμπον
447 794 486 863 τὸ
515 792 573 862 ἐπὶ
593 791 811 875 Μακεδονίας
836 790 930 884 ίίρος,
963 793 1001 865 οὗ
1030 796 1245 890 συμφωνήσει
1264 805 1304 891 τῇ

135 899 291 970 διαθέσει
308 899 423 992 ταίτη·
446 900 504 971 ἐπὶ
525 900 586 989 γὰρ
607 906 667 971 τοῦ
689 899 833 989 οὐρανοῦ
854 901 933 984 στάς
955 928 1038 996 φησι
1057 904 1116 973 τὸν
1128 900 1305 991 ’Όλυμπον

135 1005 285 1077 ἀνέλκειν
305 1014 365 1098 τῆς
385 1014 498 1096 σειρᾶς
519 1010 555 1078 ἐκ
576 1015 644 1087 τοῦῩ
657 1005 730 1096 ῥίου
742 1009 956 1101 ’ἐκδοθείσης
993 1011 1051 1080 καί
1072 1010 1125 1081 ὅτι
1142 1009 1163 1102 η
1187 1011 1224 1095 ἒξ
1242 1039 1303 1080 πε·
1316 1016 1386 1088 (172)

135 1117 240 1207 ρισση’.
284 1120 369 1186 Huic
396 1121 574 1209 coniungas
602 1122 872 1205 observationem,
902 1145 983 1208 quae
1012 1124 1080 1190 sinc
1107 1123 1205 1190 dubio
1231 1125 1305 1189 Ari·

137 1229 257 1296 stonici
279 1232 340 1295 est:
371 1220 505 1294 έπειταε
539 1224 618 1294 ὅταν
639 1221 776 1315 θελήσω
804 1224 921 1314 ἐρύσαι
942 1224 1057 1319 φησίν,
1088 1236 1121 1297 et
1141 1230 1305 1318 intelliges

134 1337 217 1401 hanc
243 1335 421 1401 Aristarchi
446 1337 639 1403 sententiam
665 1337 777 1403 fuisse:
811 1338 839 1402 si
868 1359 928 1423 ego
958 1337 1130 1424 Olympum
1157 1360 1305 1425 egressus

134 1443 253 1509 alicubi
273 1443 309 1509 in
329 1443 419 1510 coelo
442 1446 557 1527 (totam
578 1445 776 1530 superiorem
796 1445 963 1532 regionem
983 1445 1061 1511 dicit
1080 1441 1138 1510 τὸν
1158 1438 1242 1528 ὑπὲρ
1263 1443 1304 1511 τὰ

134 1545 217 1640 νέφη
237 1542 355 1635 τόπου)
377 1555 465 1617 stans
491 1555 637 1619 catenam
665 1540 801 1618 c'oelitus
824 1535 1012 1637 suspensam
1034 1575 1131 1619 manu
1152 1558 1304 1634 tenerem,

134 1663 192 1725 vos
220 1681 329 1724 omnes
355 1658 390 1722 in
420 1662 532 1725 catena
559 1660 706 1744 suspensi
733 1682 872 1727 menon
894 1660 1032 1745 possetis
1054 1663 1172 1726 terram
1194 1682 1304 1727 versus

133 1767 274 1833 trahere:
308 1787 370 1852 ego
399 1770 510 1832 contra
534 1768 562 1834 si
583 1767 700 1834 vellem
724 1767 868 1847 trahere,
897 1771 1055 1849 catanam,
1088 1767 1140 1833 cui
1166 1790 1223 1834 vos
1247 1769 1303 1835 ad-

132 1873 317 1953 haereretis,
339 1875 496 1939 cacumini
511 1874 642 1959 Olympi
655 1875 812 1961 illigatam
829 1874 1052 1940 contraherem
1067 1874 1178 1959 itaque
1193 1879 1226 1940 et
1246 1898 1304 1942 vos

134 1986 265 2049 catenae
292 1980 502 2048 adhaerentes
529 1985 562 2048 et
587 2004 660 2047 cum
682 1982 818 2068 Olympo
848 1983 883 2046 in
909 1980 978 2047 solo
1000 1981 1064 2046 lixo
1086 1986 1187 2048 terras
1209 1982 1304 2048 simul

135 2093 168 2156 et
194 2090 295 2156 maria
322 2111 478 2175 suspensa
499 2093 652 2157 tenerem.
692 2089 796 2155 Video
819 2088 943 2155 scholia
963 2089 1016 2157 BL
1038 2094 1071 2155 et
1091 2089 1123 2156 V
1144 2094 1231 2156 certa
1250 2114 1304 2158 ve·

134 2197 232 2284 stigia
252 2197 530 2263 Aristarchaarum
556 2197 818 2264 observationum
843 2197 976 2264 habere:
1006 2197 1042 2263 in
1063 2196 1116 2264 Bh
1139 2201 1201 2267 est:
1227 2195 1306 2282 περὶ

134 2299 207 2391 ρ’ίον
226 2296 441 2386 Οὗλέμποιοε
461 2303 516 2367 ἵνα
531 2296 611 2369 αὐτὸ
628 2297 881 2386 &inpetrasset
898 2301 940 2369 τὰ
962 2301 1068 2371 λοιπὰ
1089 2295 1207 2392 έπάρη,
1228 2324 1304 2370 συν-

133 2407 351 2499 ερριζωμέυης
377 2403 466 2496 αὐτῷ
490 2407 551 2493 μὲν
576 2413 636 2498 τῆς
662 2414 737 2499 γης,
769 2414 810 2501 τῇ
838 2409 874 2477 δὲ
900 2414 941 2501 γῇ
967 2414 1026 2499 τῆς
1051 2405 1231 2498 θαλάττης.
1274 2413 1301 2480 V
1360 2478 1363 2483 ,

134 2523 181 2604 (et
208 2520 287 2585 haec
317 2521 387 2607 ipsa
417 2519 596 2606 putaverim
622 2520 799 2587 Aristonici
825 2522 923 2587 verba
949 2524 1029 2603 esse]
1061 2514 1224 2584 δείκνυσιν
1251 2515 1306 2585 ὅτι

133 2622 273 2712 βέβηκεν
295 2620 500 2709 ὁὌλυμπος
522 2623 579 2692 καί
600 2621 660 2692 οὐκ
681 2621 751 2694 έστι
771 2623 937 2710 μετέωρος
947 2628 1000 2691 ¹⁰⁴.

218 2733 374 2819 Superest
394 2734 486 2801 locus
508 2735 653 2801 omnium
673 2736 707 2800 in
728 2737 790 2802 hac
810 2759 846 2803 rc
868 2735 1090 2802 difficillimus:
1110 2737 1149 2798 Π
1168 2738 1230 2804 364

219 2833 266 2918 ὡς
288 2833 321 2905 ‹l’
346 2833 391 2907 ὅτ’
417 2835 475 2907 ἆπ)
503 2835 685 2925 Οὐλύμπου
708 2839 811 2933 νέφος
831 2836 959 2926 ἔρχεται
981 2835 1121 2926 οὐρανὸν
1144 2834 1223 2906 ε’ίσω

220 2942 360 3033 αἰθέρος
380 2944 417 3014 ἐκ
439 2943 521 3037 δίης,
546 2944 601 3017 ὅτε
621 2973 656 3014 τε
678 2948 761 3028 Ζεὺς
782 2944 935 3014 λαίλαπα
955 2944 1054 3038 τιίνη,
1078 2933 1156 3016 -.·’

136 3052 168 3144 (ἡ
188 3056 306 3142 διπλῆ)
329 3050 381 3122 ὅτι
400 3060 517 3146 σαφῶς
538 3050 598 3122 οὐκ
619 3050 894 3140 ἔστιν’Όλυμπος
914 3054 972 3122 καὶ
993 3049 1132 3141 οὐρανὸς
1153 3051 1173 3123 ὁ
1195 3051 1305 3135 αὐτός·

136 3159 183 3243 ὡς
209 3161 271 3249 γὰρ
294 3157 353 3253 ἀφ’
384 3159 495 3250 ἑτέρου
524 3160 577 3254 ἐφ’
601 3159 713 3248 ἕτερόν
735 3186 817 3256 φησι
837 3162 875 3232 τὸ
897 3161 999 3255 νέφος
1019 3158 1186 3249 ἔρχεσθαι.
1227 3158 1306 3230 οὐδὲ

135 3270 203 3360 μὴν
223 3265 329 3349 τόπος
350 3265 561 3357 ἐπουράνιος·
591 3267 610 3338 ὁ
632 3271 694 3358 γὰρ
708 3268 857 3360 ’Όμηρος
879 3265 949 3340 ἀπὸ
970 3274 1036 3337 τῶν
1057 3268 1306 3357 γινωσκομένων

136 3381 223 3444 πᾶσι
237 3382 387 3447 ποιεῖται
400 3378 459 3458 τὰς
473 3373 653 3464 ὁμοιώσεις
673 3382 716 3465 (h.
731 3405 758 3448 e.
778 3405 844 3448 non
864 3386 974 3470 potest
995 3381 1176 3467 exemplum
1197 3403 1306 3467 sump-

136 3494 207 3555 tum
240 3511 309 3555 esse
341 3489 381 3554 ab
411 3489 451 3555 iis
481 3513 563 3574 quae
588 3490 623 3554 in
648 3490 781 3556 summis
810 3490 891 3556 coeli
916 3489 1071 3556 tractibus
1097 3489 1191 3569 fiunt,
1223 3512 1304 3573 quae
1324 3505 1371 3556 169

136 3619 267 3662 sensum
281 3597 446 3681 aciemque
459 3597 628 3663 hominum
641 3597 785 3684 fugiunt:
806 3600 915 3681 recte).
945 3589 1184 3661 καταλείπεται
1196 3590 1306 3661 τοίνυν

134 3700 174 3769 τὸ
203 3695 282 3786 ίίρος
307 3699 547 3790 σημαίνεσθαι·
578 3701 636 3770 καί
661 3700 723 3789 γάρ
753 3697 823 3770 άπὸ
848 3707 914 3769 τῶν
937 3697 1021 3789 ὀρῶν
1042 3700 1133 3788 λέγει
1152 3700 1194 3769 τὰ
1215 3725 1307 3769 συνε-

135 3813 245 3876 στῶτα
260 3807 342 3901 νέφη
355 3815 567 3897 μεταχωρεῖν·
589 3807 662 3892 „alc
678 3806 709 3877 δ’
734 3805 779 3877 ὅτ’
804 3805 861 3898 ἀφ’
885 3805 1020 3902 ὑψηλῆς
1039 3814 1190 3901 κορυφῆς
1210 3803 1306 3895 ὄρεος
1316 3819 1387 3890 (173)

134 3911 295 4002 μεγάλοιο
324 3914 441 4008 κινήσῃ
469 3918 608 3987 πυκινὸν
637 3915 763 4008 νέφος“
791 3925 886 4005 (297).
935 3921 1110 4004 τοιγαροῦν
1141 3916 1199 3985 καί
1227 3915 1307 3984 ὅταν

205 4123 244 4164 ¹⁰4
261 4122 351 4178 Huius
361 4120 416 4176 loci
434 4120 585 4193 explicatio
597 4120 774 4176 Aristarchea
791 4120 943 4177 certissima
960 4123 1009 4186 est,
1028 4123 1057 4176 et
1074 4120 1108 4176 de
1120 4119 1243 4177 Atlantis
1261 4136 1305 4174 co-

136 4208 239 4264 lumnis
256 4209 292 4278 (v.
311 4205 447 4263 Voelcker
463 4224 492 4276 p.
512 4210 567 4262 101.
594 4205 714 4260 Brzoska
731 4221 825 4274 geogr.
844 4205 932 4274 myth
950 4206 963 4259 Ι
980 4225 1007 4276 p.
1026 4207 1069 4272 72)
1087 4208 1138 4261 aut
1155 4202 1304 4274 explicatio

138 4293 298 4363 quaerenda
315 4307 466 4361 quaecum
484 4290 537 4345 hac
555 4306 612 4346 non
629 4289 752 4344 dissonet
770 4292 820 4346 aut
838 4289 1019 4346 statuendum
1037 4289 1112 4359 quod
1123 4289 1234 4344 Vossius
1251 4291 1304 4343 sta·

136 4377 193 4434 sua
210 4376 284 4447 (rna.
301 4375 341 4433 ni
359 4376 385 4429 n
402 4393 429 4445 p.
448 4377 516 4443 ιω).
