3008 4980
228 304 287 364 174
407 295 456 350 ΙΠ.
477 294 518 349 Ι)ο
536 293 690 350 Aristarchi
705 290 821 349 scientio
838 290 1017 359 antiquitatis
1032 290 1207 346 Homericae.

224 458 261 525 δὲ
273 454 486 547 (προσώπου)
500 456 620 530 οὐκέτι.
657 465 696 525 Λ
711 467 771 530 735
792 448 865 524 udus
885 455 948 543 γὰρ
968 451 1101 534 Ἠέλιος
1120 453 1270 546 φαέθων
1289 448 1386 541 '‘imi’‘

223 565 341 649 έσχεδε
367 565 478 656 γαίης·
504 565 537 656 (ἡ
561 569 679 657 διπλῆ)
705 563 759 636 ὅτι
780 564 817 646 ἒξ
843 561 991 654 ἡρωϊκοῦ
1015 559 1203 650 προσώπου
1224 558 1311 648 ὑπὲρ
1331 565 1386 651 γῆς

221 674 280 763 τὴν
293 669 459 764 ἀνατολὴν
472 674 572 761 λέγει,
590 670 690 754 αὐτὸς
704 673 741 740 δέ
755 671 792 740 ἐκ
804 677 864 740 τοῦ
875 667 963 741 ίδίσυ
976 667 1160 758 προσώπου
1175 669 1215 752 ἐξ
1224 665 1384 737 Ὠκεανοῦ.

690 903 924 913 ——-—-———-

748 1149 790 1225 O.
816 1150 864 1224 Il.

696 1316 912 1403 Mytholoqs'ca.

713 1483 894 1549 Achilles.

301 1649 378 1715 Non
407 1649 493 1733 apud
514 1649 687 1714 Chironem
713 1649 879 1728 educatus,
902 1671 931 1714 v.
953 1646 1075 1713 Thetis.
1115 1644 1186 1711 Nec
1207 1668 1380 1713 commoru-

135 1761 288 1836 (178)tum
324 1779 394 1822 esse
428 1757 514 1821 inter
541 1756 692 1821 mulieres
722 1755 848 1841 Scyrias
876 1756 1019 1822 Homero
1051 1754 1233 1840 cognitum,
1268 1758 1289 1816 I
1314 1759 1379 1821 668.

217 1863 319 1947 (Quae
342 1865 380 1928 de
406 1864 467 1928 hoo
493 1864 564 1927 loco
591 1864 625 1928 in
653 1865 845 1929 contrariam
872 1864 1065 1929 sententiam
1089 1862 1218 1946 scripsit
1239 1862 1380 1947 Heynius

216 1973 289 2052 „das
316 1972 491 2036 vermeinte
513 1970 663 2036 Grebmul
690 1973 745 2037 des
766 1971 906 2037 Ηοιιιοτιι
931 1992 1004 2057 pag.
1026 1978 1082 2048 41,
1109 1992 1147 2035 ea
1172 1974 1308 2055 apparet
1327 1990 1382 2054 per

216 2081 323 2144 iocum
351 2080 469 2162 scripta
496 2080 585 2163 esse.)
626 2078 810 2145 Secundum
829 2078 1046 2162 Pherecydem
1065 2076 1227 2162 Polydoro
1247 2077 1380 2160 Achillis

217 2208 307 2252 soror
333 2191 394 2266 est;
429 2189 485 2253 sed
513 2189 574 2252 hoc
599 2189 738 2253 voluerit
763 2187 924 2252 Homerus
951 2188 991 2248 H
1015 2192 1086 2265 175,
1120 2189 1205 2250 certe
1230 2183 1381 2249 offirmari

215 2296 342 2378 nequit3
375 2296 534 2360 incertum
561 2294 646 2359 enim
673 2293 788 2360 Peleus
815 2296 869 2360 hio
900 2296 1166 2360 commemoratus
1196 2292 1282 2359 idem
1310 2314 1382 2357 oum

214 2402 351 2467 Achillis
365 2406 456 2486 petre
471 2402 521 2483 sit,
542 2425 583 2467 an
599 2403 679 2467 alius
699 2405 739 2468 ab
760 2403 827 2483 illo,
848 2403 932 2468 deut
953 2402 1140 2467 multisunt
1160 2399 1246 2484 apud
1260 2399 1381 2465 Home·

214 2532 285 2574 rum
312 2512 425 2575 eodem
451 2510 582 2574 nomine
609 2511 733 2576 divorsi.
774 2510 847 2577 Solu
874 2512 914 2572 H
938 2517 1005 2577 175.
1040 2509 1140 2574 Arme
1165 2507 1234 2572 eius
1258 2528 1278 2571 u
1299 2505 1381 2572 Vul-

215 2638 294 2681 cano
325 2617 411 2682 fucta
446 2618 621 2683 secundum
650 2618 828 2684 Homerum
859 2617 1118 2697 invulnerabilia,
1157 2618 1189 2677 6)
1216 2619 1285 2681 165.
1311 2620 1381 2682 594.

137 2716 139 2721 ’
213 2723 334 2789 Versus
366 2728 394 2786 Y
417 2731 479 2792 269
509 2747 581 2790 cum
602 2726 813 2810 sequentibus
835 2726 948 2810 spurii,
980 2725 1045 2791 soh.
1072 2726 1104 2792 h.
1130 2724 1150 2788 l.
1178 2723 1217 2788 cl
1243 2723 1286 2787 od
1310 2726 1380 2789 265.

213 2829 420 2896 Recentiores
446 2833 575 2918 fingunt
592 2833 727 2897 Achillis
749 2834 855 2898 necati
877 2855 992 2917 corpus
1017 2833 1058 2898 ab
1079 2832 1176 2896 Aiace
1197 2851 1236 2894 ex
1256 2828 1379 2914 proelio

214 2939 358 3004 ablatum
385 2963 454 3005 esse
475 2940 568 3005 Ulixe
596 2945 738 3027 tegente.
788 2941 883 3019 Quod
907 2941 956 3005 illi
982 2941 1144 3005 finxerunt
1169 2938 1210 3003 ud
1231 2937 1379 3003 similitu-

215 3046 320 3111 dinem
342 3045 451 3113 Iliadis
472 3051 502 3110 P
519 3055 588 3115 719.
630 3049 791 3114 Homerus
817 3050 844 3114 si
872 3050 910 3114 de
932 3048 1067 3113 Achillis
1094 3047 1190 3112 ccede
1210 3045 1380 3110 cecinisset

212 3154 265 3218 vix
285 3155 331 3219 ita
351 3155 544 3220 instituisset
565 3155 596 3237 (l
616 3154 639 3223 l.
663 3152 716 3220 ὅτι
746 3152 900 3220 ἐντεῦθεν
927 3157 998 3233 τοῖς
1023 3151 1195 3239 νεωτέροις
1216 3145 1235 3220 δ
1256 3156 1379 3236 βαστα-

215 3256 350 3343 ζόμενος
364 3254 534 3341 Ἀχιλλεὺς
547 3255 601 3325 ὑπ’
618 3256 779 3340 Αἴαντος,
800 3255 1036 3345 δπερασπίζων
1051 3259 1089 3327 δέ
1099 3255 1278 3338 Ὀδυσσεὺς
1290 3285 1378 3348 παρ·

149 3388 196 3439 176
213 3370 322 3452 ἦκται.
360 3362 391 3433 εί
417 3365 454 3434 δὲ
471 3365 619 3454 Ὅμηρος
640 3364 764 3458 ἔγραφε
788 3367 845 3435 τδν
862 3362 1042 3453 Ἀχιλλέως
1060 3363 1223 3449 θάνατον,
1256 3363 1317 3435 οὐκ
1338 3362 1380 3434 δν

214 3471 351 3562 ἐποίησε
364 3472 420 3562 τὸν
435 3474 549 3561 νεκρὸν
562 3470 619 3542 ὑπ’
635 3471 787 3555 Αἴαντος
806 3474 1061 3563 βασταζόμενον,
1085 3471 1131 3556 ὡς
1152 3473 1184 3544 σί
1204 3473 1380 3564 νεώτεροι).

213 3582 272 3650 Od.
295 3586 323 3648 δ
344 3592 383 3651 75
405 3586 539 3651 obscure
565 3586 711 3653 innuitur
731 3587 841 3653 fabula
868 3589 907 3654 de
929 3589 1135 3654 contentione
1156 3585 1273 3654 Ulixen
1294 3589 1379 3655 inter

212 3694 245 3754 et
265 3690 427 3757 Achillem
450 3693 535 3758 inter
560 3694 670 3779 epulas
697 3699 815 3760 exorta.
859 3696 912 3761 Ad
932 3696 1065 3763 Homeri
1091 3719 1222 3763 sensum
1247 3697 1378 3764 elicien-

213 3799 288 3863 dum
306 3800 431 3884 putavit
452 3800 574 3885 aliquid
593 3802 705 3886 profici
726 3825 821 3887 posse
844 3826 883 3868 ex
903 3803 938 3872 Il.
961 3809 981 3867 I
998 3809 1067 3885 347,
1088 3807 1145 3871 ubi
1165 3805 1245 3871 haec
1266 3809 1378 3872 notate

211 3907 379 3975 hebemus:
406 3905 438 3993 (ἡ
463 3906 581 3995 διπλῆ)
603 3907 688 3994 πρὸς
712 3907 749 3976 τὸ
775 3907 810 3975 έν
828 3903 1005 4000 Ὀδυσσείᾳ
1027 3905 1222 3998 ζητούμενον
1243 3914 1378 3992 ,,νεῖκυς

209 4005 391 4102 Ὀδυσσῆος
404 4011 461 4079 καί
479 4010 653 4102 Πηλείδεω
665 4009 857 4103 Ἀχιλῆυςίί,
882 4015 935 4085 ὅτι
949 4015 1105 4108 ἐμφαίνει
1127 4017 1184 4084 καί
1204 4024 1259 4086 νῦν
1278 4013 1378 4086 έναι-

211 4124 276 4204 ρῶν
301 4119 363 4209 τὴν
382 4115 585 4209 ἐπιχείρησιν
612 4126 677 4189 τῶν
702 4123 780 4210 περὶ
803 4118 993 4206 Ὀδυσσέως
1017 4130 1096 4215 (leg.
1116 4120 1281 4194 Ὀδυσσέα
1304 4150 1379 4196 cum

210 4229 474 4317 Friedlaendero>
506 4225 667 4316 λεγόντων
699 4232 805 4322 βουλῇ
837 4232 894 4299 καί
923 4231 1012 4322 λόγῳ
1043 4231 1291 4323 αἱρεθήσεσθαι
1316 4233 1378 4323 τὴν
