3008 4980
219 309 277 370 150
298 300 331 352 Π.
361 297 403 353 De
421 297 600 378 Aristarchea
618 297 819 353 vocabulorum
836 297 1047 353 Homericorum
1063 276 1307 367 interpretatione.

215 470 255 533 ab
288 467 493 533 interfectore
522 465 630 533 soluta
656 465 849 531 vocabalum
878 467 1044 551 proprium
1078 488 1147 532 esse
1175 488 1215 531 ex
1243 465 1391 550 pluribus

213 576 293 642 locis
307 578 448 660 apparet
464 613 504 623 —
522 569 627 660 Τιμη
644 566 824 653 ἐπιτίμιον,
841 569 984 656 τιμωρία
1004 578 1034 637 Γ
1045 579 1116 643 286.
1147 576 1177 636 Ρ
1190 579 1241 642 92.
1256 610 1299 621 -
1312 575 1391 636 Πε-

214 676 345 768 ριωπή
372 675 478 757 τόπος
505 676 542 761 ἐξ
563 668 603 747 οὗ
623 673 828 765 περιόψεταί
847 703 898 757 τις
917 672 1029 745 πάντα
1050 677 1084 750 Ξ
1102 686 1130 750 8.
1154 719 1192 728 -
1219 675 1392 761 Τέμενος

215 785 263 874 (ἐν
290 781 321 854 δ’
350 783 460 855 ἐτίθει
487 812 514 856 τ.
542 782 745 874 βαθυλήιον)
772 782 826 854 ὅτι
851 784 910 854 τὸν
936 781 1206 874 ἀποτετμημένον
1231 781 1339 853 τόπον
1364 810 1391 856 τ.

215 893 305 983 λέγει
332 900 361 960 Σ
380 903 450 965 550.
491 896 537 964 Of.
564 902 596 958 Z
617 903 685 964 194.
708 933 746 944 -
774 901 804 960 Τ
805 887 907 984 ἀφος
932 893 970 962 τὸ
1002 895 1137 961 δεῖπνον
1162 892 1199 961 τὸ
1228 892 1309 978 περί
1331 893 1391 982 τὴν

213 1002 324 1093 ταφὴν
350 998 523 1089 γινόμενον
555 1006 588 1067 Ψ
607 1010 657 1071 29.
686 1041 723 1051 -
754 1000 904 1069 Tc'vwv:
931 1009 967 1068 Χ
987 1010 1048 1074 396
1076 999 1130 1069 ὅτι
1157 1005 1212 1067 νόν
1237 998 1392 1080 τένοντας

215 1103 289 1177 εἶπε
314 1109 355 1176 τὰ
383 1105 602 1193 διατεταμένα
627 1116 692 1176 τῶν
721 1112 855 1199 σφυρῶν
882 1113 979 1198 νεῦρα
1006 1104 1152 1178 ὄπισθεν
1176 1113 1235 1196 τῆς
1254 1104 1390 1198 κνήμης.

219 1226 248 1284 Y
267 1227 327 1289 478
354 1211 385 1306 (η
412 1218 452 1301 δ.)
480 1213 532 1282 ὅτι
560 1210 670 1282 πάντα
695 1215 736 1282 τὰ
764 1215 927 1302 τεταμένα
955 1221 1054 1302 νεῦρα
1075 1214 1229 1294 τένοντας
1242 1213 1392 1304 Ὅμηρος

215 1323 313 1412 λέγει.
334 1366 376 1375 -
400 1320 568 1409 Φλέγμα
595 1331 627 1390 (D
643 1332 703 1395 337
726 1319 758 1412 (ἡ
777 1325 818 1407 δ.)
841 1321 895 1392 ὅτι
915 1322 975 1411 τὴν
998 1321 1109 1416 φλόγα
1130 1322 1273 1392 κατὰτὸ
1297 1318 1392 1391 οάδέ-

213 1458 315 1520 τερον.
337 1477 378 1487 -
399 1427 530 1518 Χορός
550 1437 580 1496 Σ
599 1441 659 1503 590
687 1431 744 1499 τὸν
769 1429 875 1499 τόπον
894 1455 923 1512 χ.
946 1426 1090 1519 εἴρηκεν,
1119 1427 1156 1499 od
1181 1431 1219 1500 τὸ
1242 1428 1391 1519 σύστημα

213 1545 279 1608 τῶν
297 1537 508 1625 χορευόντων.
531 1579 568 1590 -
591 1537 832 1618 Μέσσαολος
852 1544 882 1604 Ρ
901 1549 971 1610 657.
1007 1545 1037 1605 Ρ
1058 1549 1116 1611 112
1138 1535 1170 1627 (ἡ
1196 1538 1317 1626 διπλῇ)
1340 1534 1392 1606 ότι

213 1649 274 1737 τὴν
295 1647 380 1715 κατὰ
405 1645 508 1733 ἀγρὸν
533 1642 674 1714 ἔπαυλιν
694 1644 894 1731 μέσσαυλον·
930 1643 963 1715 οῖ
986 1645 1023 1714 δέ
1040 1643 1186 1713 Ἀττικοί
1206 1645 1268 1734 τὴν
1289 1643 1391 1734 μέσην

214 1753 324 1842 θόρον
344 1759 404 1843 τῆς
419 1751 533 1843 αάλης,
558 1754 617 1843 τὴν
640 1752 850 1840 διορίζουσαν
870 1750 930 1841 τήν
951 1779 986 1822 τε
1007 1759 1234 1841 γυναικωνῖτιν
1255 1752 1392 1822 καὶτὸν

215 1859 376 1949 ἀνδρῶνα.
396 1903 435 1913 -
456 1859 678 1947 Στόμαχος.·
697 1851 737 1928 Ῥ
756 1871 795 1932 47
819 1857 856 1929 od
880 1861 970 1949 λέγει
990 1861 1027 1930 τὸ
1050 1855 1157 1946 στόμα
1179 1867 1240 1951 τῆς
1260 1858 1393 1941 κοιλίας

214 1967 374 2055 καθάπερ
391 1968 501 2058 ἡμεῖς,
533 1966 621 2036 ἀλλὰ
641 1969 699 2037 τὸν
719 1966 930 2055 βρόγχον...
950 1968 1106 2061 ἐπιφέρει
1127 1973 1206 2056 γοῦν
1228 1960 1389 2054 ,ἀντικρὺ

216 2075 249 2146 δ’
272 2074 422 2147 ἁπαλοῖο
446 2073 488 2145 δι’
513 2073 684 2159 αὐχένοςίί.
714 2072 910 2169 -Ὄψονε
942 2083 981 2144 Λ
1001 2086 1061 2150 630
1090 2074 1143 2145 ότι
1171 2081 1241 2144 ποῖν
1264 2073 1392 2164 προσό-

214 2199 314 2276 ψημα
329 2180 419 2278 όψον
434 2182 467 2253 οῖ
481 2181 625 2274 ἀρχαῖοι.
661 2190 753 2255 1489
769 2182 823 2252 δτι
841 2190 911 2252 πᾶν
930 2186 968 2254 τὸ
989 2180 1281 2271 προσεσθιόμενον
1302 2179 1392 2275 όψον

215 2292 329 2381 ἐλεγον
344 2291 376 2362 οῖ
395 2290 550 2363 παλαιοί.
571 2335 612 2345 -
627 2290 703 2360 Ὅτι
718 2286 830 2358 πάντα
848 2293 890 2359 τὰ
904 2291 988 2380 μέλη
1010 2290 1267 2382 ῥέδηὍμηρος
1288 2314 1392 2379 προσ-

216 2400 382 2490 αγορεύει,
414 2399 447 2470 οῖ
479 2400 516 2469 δέ
541 2397 683 2479 Αἰολεῖς
711 2397 814 2485 μόνον
840 2398 877 2468 τὸ
907 2395 1092 2486 πρόσωπον
1119 2406 1159 2466 Π
1176 2409 1245 2472 856.
1283 2408 1322 2467 Χ
1341 2410 1390 2473 68.

213 2551 256 2564 -
281 2515 312 2578 Ω
338 2519 400 2582 228
424 2505 446 2597 ἦ
474 2510 502 2580 δ.
533 2506 585 2576 ότι
614 2505 852 2595 ἐπιθήματα
881 2513 948 2574 τῶν
978 2505 1142 2593 κιβωτίων
1167 2507 1209 2574 τὰ
1235 2505 1391 2595 πώματα,

153 2643 197 2694 151
217 2621 482 2706 καταχρηστικῶς
512 2615 548 2684 δέ
576 2616 692 2683 πίθων
716 2615 859 2683 καὶτῶν
884 2611 1022 2699 ὁμοίων.
1046 2652 1086 2666 -·
1107 2622 1142 2681 K
1160 2625 1220 2687 257
1242 2611 1263 2704 ἡ
1289 2617 1318 2685 δ.
1339 2614 1392 2684 ὅτι

217 2724 355 2814 κυνέην
375 2730 641 2814 καταχρηστικῶς
654 2723 715 2812 τὴν
729 2722 766 2790 ἐκ
780 2721 933 2812 ταυρείου
949 2721 1121 2811 δέρματος.
1142 2762 1183 2774 ·-
1203 2728 1242 2789 A
1257 2732 1298 2795 86
1313 2725 1391 2812 δρῦν

217 2833 357 2903 ἐκάλουν
372 2830 405 2901 οῖ
419 2831 564 2900 παλαιοί
586 2829 656 2900 ἀπὸ
677 2841 735 2899 τοῦ
757 2826 972 2919 ἀρχαιοτέρου
995 2835 1063 2900 πᾶν
1086 2828 1230 2916 δένδρον.
1245 2872 1287 2882 -
1305 2839 1337 2898 (D
1351 2841 1391 2903 36

218 2941 249 3031 (ἡ
275 2944 317 3029 δ.)
347 2938 401 3011 ὅτι
427 2936 559 3028 ἀλωὴν
583 2939 643 3028 τὴν
670 2935 896 3030 δενδροφόρον
922 2942 984 3026 γῆν
1010 2943 1064 3005 νῦν
1093 2937 1196 3025 λέγει·
1234 2939 1391 3030 ἐπιφέρει

217 3050 280 3137 γὰρ
302 3046 342 3137 „d
366 3044 398 3115 δ’
420 3045 580 3135 ἐρινεόνίῑ.
597 3089 638 3098 -
663 3053 692 3115 Θ
714 3059 753 3119 66
775 3045 795 3136 ἡ
821 3050 849 3117 δ.
870 3044 922 3115 ὅτι
944 3052 998 3114 νῦν
1019 3045 1079 3134 τὴν
1097 3046 1161 3130 πρὸ
1184 3045 1391 3135 μεσημβρίας

217 3156 307 3246 ῶραν
334 3153 387 3245 ἠῶ
416 3154 514 3243 λέγει.
537 3197 576 3209 -
599 3163 634 3222 Ν
638 3155 703 3224 έον
728 3160 859 3243 ponitur
886 3181 945 3243 pro
972 3151 1089 3222 νεωστί
1120 3159 1148 3222 0
1176 3163 1244 3226 538.
1280 3159 1389 3226 1527.

217 3272 261 3331 M
280 3274 350 3336 336.
388 3266 457 3334 Nec
479 3267 573 3332 aliter
594 3267 815 3352 accipiendum
836 3270 856 3327 I
876 3272 945 3334 446.
992 3266 1039 3333 cf.
1057 3264 1214 3351 Apellen.
1236 3265 1297 3331 len
1319 3271 1389 3335 568.

217 3407 258 3418 -
282 3378 316 3438 Ψ
335 3381 395 3443 485
417 3367 560 3456 „deind
584 3397 640 3438 νυν
665 3366 689 3459 ἢ
709 3367 870 3457 τρίποδος
889 3368 1137 3459 περιδώμεθαιι
1163 3367 1217 3438 ότι
1238 3365 1311 3438 ἀντί
1333 3375 1391 3439 τοῦ

219 3474 277 3565 ἀγε
290 3481 328 3547 τὸ
345 3481 451 3565 δεῦρο.
472 3521 515 3530 ν-
536 3480 726 3548 Notandum
749 3477 891 3546 οὕνεκα
907 3504 966 3566 pro
980 3473 1119 3546 cedreno
1136 3483 1165 3544 Ε
1180 3487 1249 3549 266.
1287 3485 1389 3551 1505.

217 3631 258 3641 -
278 3590 324 3655 Et
344 3586 522 3674 προτέρω
554 3591 593 3656 δε
622 3590 694 3656 loco
720 3612 779 3674 pro
807 3581 1000 3674 ἔμπροσθεν
1021 3593 1142 3658 11469.
1169 3580 1389 3653 -Ἔπειτα

217 3719 283 3762 non
304 3702 431 3763 tantum
453 3699 491 3764 de
514 3699 635 3778 ordine,
657 3698 713 3763 sed
735 3698 832 3762 etiam
854 3699 892 3764 de
914 3701 1067 3782 tempore,
1089 3694 1173 3779 μετὰ
1193 3698 1306 3761 ταῦτα.
1337 3696 1390 3761 Ad

135 3814 206 3885 (154)
220 3804 445 3871 stabiliendam
467 3808 632 3893 egregiam
654 3805 900 3891 explicationem
920 3809 940 3866 Ι
962 3812 1019 3873 169
1042 3827 1112 3890 sqq.
1140 3805 1180 3870 V.
1201 3805 1233 3870 h.
1254 3805 1275 3871 l.
1298 3808 1331 3871 et
1350 3806 1389 3868 Λ

218 3918 267 3982 93.
300 3917 337 3976 Ν
354 3918 423 3980 586.
454 3914 486 3975 Ψ
506 3920 565 3980 551
589 3915 640 3997 (cf.
664 3915 697 3977 A
718 3917 800 3997 317).
828 3949 869 3960 —
891 3904 1000 3976 Ἕπεί
1025 3935 1091 3978 non
1113 3911 1388 3997 1ου111Π1ο9αοῶ,

219 4019 275 4085 sed
305 4020 402 4085 etiam
430 4023 649 4105 „postquom“:
681 4023 797 4106 idqni
824 4022 1071 4105 comprobarent
1098 4021 1188 4087 locos
1214 4022 1387 4099 notaverat,

218 4130 325 4194 motus
354 4127 491 4192 maxime
521 4129 607 4212 quod
636 4129 670 4193 in
698 4128 755 4194 illo
787 4118 824 4203 ὃς
853 4121 946 4209 μάλο
968 4125 1081 4193 πολλὰ
1109 4119 1283 4213 πλάγχθη,
1314 4122 1387 4191 ἐπεί

223 4228 344 4320 Τροίης
368 4228 458 4316 ἱερὸν
482 4231 689 4321 πτολίεθρον
715 4230 851 4318 ἔπερσεν
879 4236 1010 4301 fuerunt
1031 4237 1086 4321 qui
1108 4235 1268 4301 causalem
1288 4235 1387 4321 parti-

221 4343 325 4410 culam
346 4342 573 4431 intelligerent.
609 4345 647 4411 Id
668 4346 859 4411 extricamus
878 4366 916 4411 ex
936 4343 1041 4428 Epim.
1061 4343 1158 4410 Hom.
1180 4366 1211 4428 p.
1236 4349 1304 4412 161.
