3008 4980
592 331 615 379 2.
645 323 842 394 Mythclogica.

631 493 827 578 Oedipus.

216 643 338 709 Thebis
354 643 498 721 moritur,
525 645 558 708 Ψ
577 650 645 714 679.
667 668 696 709 v.
721 665 818 730 supra
839 667 863 710 s.
888 640 1065 729 δουπῆσαι.

659 943 779 1011 Paria.
1321 954 1369 1005 187

216 1098 357 1161 Dearum
387 1098 548 1161 certamen
575 1099 607 1160 et
633 1095 757 1160 Paridis
786 1094 940 1160 iudicium
969 1094 1111 1159 Homero
1144 1095 1303 1180 ignotum.

134 1206 255 1271 Versus
276 1204 307 1267 Ω
330 1210 453 1272 25-30
475 1203 585 1288 spurii.
622 1202 675 1268 nd
688 1201 720 1268 h.
735 1203 756 1268 l.
771 1201 1004 1268 Friedlaender.
1037 1201 1107 1268 Nec
1129 1203 1304 1269 secundum

134 1314 311 1379 Homerum
334 1312 488 1378 educatur
509 1311 544 1376 in
566 1332 644 1396 agro
666 1309 766 1375 Paris.
803 1311 834 1373 Ω
857 1314 896 1378 23
919 1307 1054 1396 <BMV>.

525 1689 530 1700 .
618 1641 824 1709 Patroclus

136 1802 215 1863 natu
236 1797 338 1862 maior
359 1818 456 1880 quam
477 1792 630 1860 Achilles.
670 1795 755 1862 Ψ94
772 1785 877 1880 ἠθείη
898 1788 1046 1884 acontii:
1067 1788 1303 1882 προσφώνησις
1314 1797 1384 1868 (188)

135 1901 211 1971 νέου
233 1901 317 1987 πρὸς
341 1895 574 1986 πρεσβύτερον·
607 1898 710 1986 δῆλον
732 1890 790 1965 οὖν
810 1897 865 1967 ὅτι
889 1895 1109 1986 πρεσβύτερος
1124 1895 1304 1983 Ἀχιλλέως

136 2007 154 2079 ὁ
176 2007 383 2096 Πάτροκλος.
424 2011 489 2076 Res
511 2009 687 2076 certissima
714 2031 753 2075 ex
773 2011 813 2073 Λ
834 2017 903 2078 787.
938 2011 1084 2077 Pertinet
1109 2011 1180 2077 sine
1205 2012 1302 2078 dubio

136 2123 177 2187 ad
198 2120 358 2187 athetesin
380 2122 415 2182 Π
434 2124 592 2196 lli—100,
614 2138 696 2200 quos
717 2121 806 2183 ratus
828 2121 877 2183 est
898 2117 1102 2185 Aristarchus
1123 2142 1143 2183 a
1164 2119 1303 2204 quodam

137 2227 299 2295 confectos
327 2249 411 2306 esse,
441 2226 496 2310 qni
517 2223 676 2291 Achillem
697 2223 838 2290 Patrocli
867 2229 1044 2292 amatorem
1070 2249 1141 2292 esse
1166 2230 1303 2312 putaret

137 2335 280 2420 (Scilicet
306 2334 352 2400 sic
371 2333 534 2400 invenitur
555 2332 642 2417 apud
662 2332 856 2399 recentiores
879 2356 905 2399 e.
927 2355 958 2420 g.
980 2335 1066 2419 apud
1086 2334 1303 2420 Aeschylum.)

642 2642 794 2717 Peleus.

217 2808 237 2866 I
256 2810 315 2872 481
339 2797 371 2890 (ἡ
396 2801 514 2889 διπλῆ)
537 2798 590 2869 ὅτι
610 2795 830 2885 πρεσβύτερος
850 2799 982 2889 Πηλεὺς
1007 2797 1171 2880 Φοίνικος.

591 3104 843 3170 Philoctetes.

216 3255 254 3321 In
267 3257 388 3323 Lemno
411 3257 590 3342 expositus;
613 3257 788 3322 secundum
809 3257 1002 3323 recentiores
1024 3256 1057 3322 in
1078 3279 1176 3342 parva
1196 3256 1301 3322 insula

134 3364 267 3446 deserta,
289 3367 319 3427 s
341 3370 410 3433 722.
1024 3358 1027 3363 '

615 3613 819 3681 Poseidon.

217 3787 245 3828 v.
268 3764 396 3849 Apollo.
436 3765 607 3832 Praeterea
632 3765 706 3832 hoc:
739 3770 774 3829 N
792 3772 831 3834 21
858 3761 891 3852 (ἡ
915 3763 1032 3852 διπλῆ)
1059 3759 1112 3831 ὅτι
1137 3764 1221 3832 κατὰ
1242 3766 1302 3845 τὰς

134 3864 248 3956 Αἰγὰς
262 3867 298 3937 ἐν
308 3875 408 3960 βυθῷ
428 3871 488 3960 τὴν
510 3867 639 3960 οἴκησιν
658 3874 716 3937 τοῦ
731 3871 947 3951 Ποσειδῶνος
965 3867 1177 3954 ὑποτίθεται,
1202 3868 1303 3961 ἆόρα-

133 4002 191 4045 τον
211 3972 421 4065 ἀνθρώποις,
446 3978 557 4068 ὥσπερ
579 3977 636 4046 ἐπὶ
660 3982 720 4045 τοῦ
739 3973 911 4064 Ὀλύμπου
932 3984 997 4048 τῶν
1014 3975 1123 4048 ἄλλων
1144 3987 1236 4049 θεῶν
1257 3984 1303 4072 μὴ

136 4081 321 4172 ὁρωμένων.
356 4089 504 4156 Troianis
524 4089 662 4157 infestus
683 4093 816 4175 propter
836 4090 1087 4159 Laomedontem
1108 4093 1139 4156 Ω
1161 4098 1201 4161 23
1223 4096 1300 4177 (quo

134 4197 206 4262 loco
234 4220 293 4282 pro
324 4189 361 4263 οὗ
391 4195 449 4262 διὰ
473 4195 585 4282 χειρὸς
610 4198 656 4284 (p.
679 4204 740 4267 629
762 4205 842 4266 s'45
863 4197 935 4284 Be>
961 4199 1041 4265 mihi
1069 4200 1303 4267 emendandum

135 4303 262 4371 videtur
283 4297 321 4372 οὗ
344 4303 402 4371 διὰ
423 4308 534 4386 τοῦτο,
558 4297 646 4371 ἀλλὰ
668 4302 785 4371 διὰτὸ
807 4308 944 4387 τεῖχος.
976 4331 1004 4375 v.
1030 4310 1060 4372 Φ
1081 4314 1164 4388 441).
