3008 4980
411 326 433 381 5.
464 314 505 381 De
523 343 590 395 agro
607 323 726 381 Troiano
745 319 774 380 at
791 311 886 381 ordine
904 313 1026 381 navium.
1239 324 1298 394 221

134 494 185 559 Ex
211 494 262 558 his
287 493 391 578 prima
412 495 445 557 et
467 496 580 577 quarta
600 493 719 558 solutio
741 494 776 557 in
798 492 1034 557 commentariis
1056 493 1132 571 fuit,
1162 494 1301 557 secunda

135 604 169 665 et
189 600 285 665 tertia
306 622 345 664 ex
366 600 583 665 conviviorum
594 582 773 684 colloquiis
792 599 954 664 fluxerunt
972 602 1004 663 et
1019 600 1069 665 vel
1083 598 1301 664 Alexandrino

134 707 192 772 iilo
225 706 390 772 Thesauro
422 705 654 784 Quaestionum
681 707 965 774 Grammaticarum
991 707 1042 772 vel
1073 706 1302 791 discipulorum

135 815 291 879 memoria
312 818 454 879 servatae
477 817 561 879 aunt.
596 813 772 899 Utramque
796 837 864 879 esse
885 815 1036 892 iocosam,
1057 814 1149 879 facile
1171 817 1303 902 apparet

135 921 170 985 in
191 921 378 986 Aristarcho
400 922 431 1006 (ἓ
454 925 498 1004 311
519 923 614 986 tertia
634 922 737 988 facete
759 945 798 987 ex
818 945 879 988 usu
900 922 1055 1006 loquendi
1076 921 1226 1005 repetita,
1253 944 1303 987 se·
1413 1002 1419 1009 ἑ

137 1028 242 1093 cunda
263 1029 303 1093 ad
325 1028 472 1093 acerbam
494 1030 717 1112 quaerentium
737 1029 918 1094 irrisionem
939 1029 1032 1094 facta.

667 1448 709 1523 O.
736 1449 781 1522 V.

455 1614 705 1702 (ίίιονοηναφίιωσ
725 1628 755 1678 et
772 1613 989 1700 ηαοφυοφίιωα.

221 1781 240 1863 ἓ
265 1786 290 1846 1.
323 1780 371 1845 De
397 1801 476 1865 agro
499 1779 640 1845 Troiano
670 1784 702 1846 et
728 1780 839 1844 ordine
869 1780 999 1845 navium
1021 1780 1214 1846 Graecorum
1239 1784 1305 1867 pri·

138 1908 228 1950 mum
246 1886 358 1964 dicam,
381 1888 469 1970 quod
486 1888 525 1952 de
540 1887 602 1952 hoc
616 1886 755 1972 plurima
776 1890 901 1952 servata
922 1891 998 1952 sunt
1011 1887 1202 1974 fragmenta,
1224 1911 1306 1973 quae

139 1993 285 2077 alioquin
306 1993 341 2059 in
361 1993 423 2058 hoc
444 1995 547 2080 capite
567 2017 638 2059 rara
658 1995 870 2060 inveniemus:
896 2017 978 2079 quae
998 1994 1179 2080 fragmenta
1196 2001 1308 2062 notam

138 2101 204 2164 iam
226 2100 319 2165 nobis
341 2103 541 2187 grammatici
562 2103 720 2167 rationem
741 2101 794 2166 hic
817 2123 946 2186 quoque
967 2103 1186 2186 praestabunt.

225 2206 296 2285 Quo
324 2208 435 2273 ordine
457 2232 554 2275 naves
576 2208 770 2274 Graecorum
792 2213 866 2274 ante
888 2208 1019 2274 Troiam
1042 2210 1216 2275 collocatae
1237 2210 1308 2276 fue·

232 2315 392 2398 111111αᾶ
417 2338 490 2381 cum
519 2339 557 2382 eo
584 2320 670 2382 arcte
692 2317 970 2383 coniunctumt
921 2319 981 2399 est)
1005 2318 1043 2382 de
1064 2339 1142 2404 agro
1165 2316 1305 2384 Troiano
1319 2319 1390 2390 (230)

141 2420 288 2507 diligent
279 2421 387 2488 lsaime
420 2424 577 2507 quaesivit
608 2427 775 2508 atquo‚u
752 2424 960 2504 utvidetur,
990 2425 1100 2490 tabula
1127 2425 1217 2491 illust
1202 2427 1308 2490 travit

140 2531 175 2592 K
192 2523 307 2595 53111
333 2524 370 2593 ἐκ
394 2524 520 2596 τούτων
545 2528 603 2596 καί
626 2523 871 2595 τῶντοιούτων
892 2528 934 2594 τὰ
962 2528 1119 2615 περὶτοῦ
1140 2525 1310 2598 ναυστάθ-

139 2657 206 2718 μου
233 2628 523 2724 ὃΑρίσταρχος
506 2633 809 2724 επραγματείσατο.
851 2640 956 2725 ῥητῶς
981 2636 1043 2724 γάρ
1072 2635 1204 2723 λέγεται
1224 2639 1311 2728 πλη-

140 2738 216 2808 σίον
241 2746 299 2808 τοῦ
322 2737 474 2823 Α’ίαντος
505 2741 523 2810 ὃ
550 2740 732 2830 Ἰδομενεὺς
755 2742 1019 2833 νενειυλκηκέναι.
1067 2747 1113 2815 Cf.
1143 2754 1200 2816 112
1226 2745 1313 2832 πρὸς

141 2848 184 2915 τὰ
206 2849 360 2936 περὶτοῦ
382 2847 608 2936 ναυστάθμου,
633 2849 686 2921 ὅτι
700 2848 842 2941 πλησίον
861 2847 1075 2936 ὃἸδομενεὺς
1088 2848 1240 2933 Αἴαντος
1252 2857 1311 2920 τοῦ

147 2955 361 3043 Τελαμωνίου
388 2955 630 3049 ἐνενεωλκήκει.
671 2966 706 3026 K
727 2971 785 3031 110
813 2956 845 3049 (ἡ
870 2961 988 3049 διπλνῇ
1015 2957 1069 3028 ὅτι
1090 2956 1232 3050 πλησίον
1253 2964 1312 3028 τοῦ

144 3070 283 3153 Λοκροῦ
296 3062 447 3146 Αἴαντος
466 3064 485 3133 ὁ
503 3066 620 3156 Μέγης
641 3063 875 3157 ἕνενεωλκηκει
890 3105 937 3139 -·-.
958 3065 978 3157 ἡ
1004 3066 1040 3135 δὲ
1058 3061 1214 3158 ἀναφορὰ
1228 3068 1314 3151 πρὸς

141 3173 201 3241 τὸν
221 3176 255 3260 (1.
277 3173 331 3261 τὰ)
353 3172 410 3240 ἐπὶ
432 3174 525 3263 <περί
546 3200 626 3243 corr.
647 3178 755 3243 Lehrs.
776 3201 826 3264 ap.
848 3178 1083 3246 Friedlaender.
1105 3201 1136 3263 p.
1161 3177 1236 3263 173>
1254 3179 1314 3243 τοῦ

143 3276 369 3366 ναυστάθμου.
410 3289 449 3350 Λ
477 3292 496 3353 6
523 3281 555 3371 (ἡ
580 3284 698 3371 διπλῆ)
724 3282 810 3370 πρὸς
833 3283 875 3350 τά
901 3282 979 3370 περί
1002 3287 1063 3350 τοῦ
1084 3280 1311 3368 ναυστάθμου,

144 3385 200 3457 ὅτι
225 3387 260 3455 ἐν
287 3389 379 3477 μέσῳ
406 3390 467 3470 τὰς
490 3396 550 3457 τοῦ
568 3386 762 3471 Ὀδυσσέως
781 3387 998 3472 ὑποτίθεται,
1022 3382 1074 3482 ἐφ’
1098 3387 1254 3478 ἑκατέρου
1278 3388 1314 3457 δὲ

144 3493 283 3583 κέρατος
303 3496 363 3577 τὰς
381 3492 559 3580 Ἀχιλλέως
580 3499 638 3566 καί
659 3494 817 3578 Αἴαντος.
856 3501 941 3567 Hinc
962 3501 1138 3567 iudicatum
1160 3501 1199 3568 de
1220 3523 1314 3567 versu

148 3609 176 3670 Β
198 3612 258 3675 558
286 3610 386 3694 στῆσε
411 3600 443 3672 δ’
468 3601 556 3692 άγων
585 3602 625 3672 ἵν’
652 3603 845 3695 Ἀθηναίων
871 3608 1001 3674 ἵσταντο
1027 3602 1205 3694 φάλαγγες.
1240 3608 1314 3674 Vid.

145 3718 177 3778 Γ
195 3720 256 3784 230
277 3708 309 3800 (ἡ
335 3713 452 3802 διπλνῇ
475 3712 528 3782 ὅτι
548 3711 691 3802 πλησίον
715 3712 733 3783 ὃ
752 3710 935 3799 Ἰδομενεὺς
955 3708 1107 3792 Αίαντος
1126 3718 1187 3782 τοῦ
1208 3714 1315 3779 Τελα-

144 3817 271 3905 μωνίου
294 3817 449 3888 ἐτάσσετο
478 3825 549 3908 (ins,
571 3822 640 3908 καὶ)
668 3821 753 3890 κατὰ
774 3822 834 3912 τὴν
856 3819 1065 3911 ἐπιπώλησιν
1087 3825 1131 3904 (Δ
1149 3830 1219 3892 251.
1241 3828 1314 3908 273)

146 3926 339 4021 συμφώνως.
368 3929 591 4020 παραιτητέον
614 3925 679 4019 άρα
701 3928 901 3998 ἐκεῖνοντὸν
923 3928 1033 4013 στίχον
1052 3930 1111 3996 τὸν
1131 3927 1166 3997 ἒν
1186 3934 1234 4018 τῷ
1255 3954 1316 3996 κα-

145 4032 277 4126 ταλόγῳ
296 4033 365 4106 ὑπό
387 4064 484 4105 τινων
505 4036 716 4129 γραφόμενον
736 4043 859 4127 „occisa
880 4049 958 4092 -“·
981 4032 1019 4107 οὗ
1042 4037 1103 4126 γὰρ
1126 4029 1210 4126 ἦσαν
1228 4037 1315 4123 πλη·
1333 4045 1381 4096 225

147 4142 220 4213 σίον
242 4141 393 4228 Αἴαντος
403 4142 594 4236 Ἀθηναῖοι.
622 4147 675 4213 Ad
696 4150 728 4212 A
745 4154 805 4217 273
828 4142 861 4236 (ἡ
879 4148 996 4236 διπλῆ)
1015 4144 1067 4214 ὅτι
1088 4142 1109 4235 ἡ
1125 4140 1217 4227 τάξις
1231 4137 1317 4211 Ἰδο-

146 4252 274 4340 μενέως
298 4253 442 4345 πλησίον
463 4249 628 4335 Α’ίαντος,
651 4253 735 4341 πρὸς
754 4253 832 4333 τοὺς
852 4249 1104 4331 ὑποτάσσοντας
1123 4257 1193 4332 τοῖς
1209 4246 1317 4339 Ἀθη-

148 4361 257 4445 ναίοις
283 4365 341 4432 τὸν
370 4361 592 4451 Τελαμώνιον.
616 4405 656 4414 -
682 4366 783 4432 Porro
810 4367 839 4430 Θ
859 4372 920 4434 223
952 4362 1036 4450 πρὸς
1060 4362 1121 4450 τὴν
1145 4355 1238 4440 τάξιν
1259 4363 1318 4446 τῆς
