3008 4980
417 333 441 389 5.
468 322 510 388 De
528 318 732 402 agroTroiano
751 335 780 388 et
797 317 893 388 ordine
910 316 1031 386 navium.
1250 326 1310 398 223

144 507 214 568 655.
258 499 320 566 Sed
349 500 441 565 aliter
469 495 501 569 Ξ
526 506 564 566 75
593 502 668 585 νῆες
698 494 776 565 ὅσαι
801 500 933 583 πρῶται
958 491 1107 581 εἰρύαται
1138 489 1213 581 ἀγχι
1242 499 1311 560 θα-
1329 510 1377 560 226

144 601 284 694 λάσσνγς,
312 608 369 673 ubi
396 607 495 673 errori
518 610 550 672 et
571 608 803 672 sententiarum
821 627 921 671 nexus
944 608 1052 671 obstat
1073 610 1106 671 et
1127 606 1195 691 ipse
1216 607 1313 690 poeta

143 717 227 780 cavit
253 715 377 780 adiecto
405 707 495 797 άγχι
520 706 735 798 θαλάσσης.
759 752 800 762 -—
826 717 895 779 Z4
917 707 949 798 (ἡ
976 711 1095 797 διπλῆ)
1117 707 1169 778 ὅτι
1191 708 1226 776 ἐν
1244 712 1314 786 τοῖς

155 815 299 904 ’ρχαίοις
321 822 407 904 (fort.
426 817 460 885 έν
481 822 553 897 ταῖς
570 813 909 907 Ἀρισταρχείοις140·)
932 815 1113 905 ἐγέγραπτο
1128 815 1315 905 ,μεσσηγὺς

142 933 312 1013 ποταμοῖο
337 920 557 1011 Σκαμάνδρου
592 925 649 993 καὶ
674 922 920 1015 στομαλίμηςίῑ,
959 924 1022 991 διὸ
1056 922 1121 992 καί
1156 922 1194 991 έν
1227 927 1314 1001 τοῖς

142 1030 406 1124 ὑπομνήμασι
428 1031 600 1124 φέρεται.
625 1033 705 1126 [καὶ]
726 1032 891 1120 ὕστερον
918 1029 954 1100 δέ
974 1032 1165 1121 περιπεσών
1186 1028 1313 1120 ἔγραψε

144 1142 331 1231 ,μεσσηγὺς
356 1138 535 1226 Σιμόεντος
560 1137 612 1208 ἰδέ
633 1138 788 1215 Ξάνθοιο
810 1137 955 1230 ῥοάωνίί,
979 1144 1049 1220 τοῖς
1069 1139 1131 1229 γάρ
1154 1143 1212 1207 τοῦ
1233 1164 1312 1205 ναυ-

141 1247 298 1334 στάθμου
318 1243 440 1329 τόποις
460 1245 481 1337 ἡ
504 1248 615 1338 γραφὴ
635 1248 808 1340 συμφέρει,
833 1248 917 1337 πρὸς
938 1240 995 1327 οδς
1015 1249 1175 1333 μάχονται
1201 1252 1256 1333 (ευ.
1279 1251 1313 1316 hi

142 1383 254 1427 versus
278 1359 336 1426 illa
360 1360 499 1425 lectione
524 1363 671 1443 retenta).
701 1397 738 1408 -
767 1363 805 1422 H
828 1364 868 1426 22
894 1352 915 1446 ἡ
944 1357 1050 1445 διπλῆ
1076 1354 1129 1425 ότι
1154 1354 1221 1443 πρὸ
1247 1360 1314 1423 τῶν

143 1465 257 1531 πυλῶν
287 1463 347 1553 τὴν
378 1463 486 1553 φηγὸν
515 1460 636 1553 ταύτην
663 1461 938 1534 inardescam.
981 1463 1047 1549 πρὸ
1075 1463 1206 1530 πολλοῦ
1231 1460 1268 1530 δέ
1294 1459 1312 1530 δ

140 1566 318 1640 Ἀπόλλων
333 1571 419 1639 ἐστίν
434 1570 491 1638 ἐπὶ
503 1566 759 1659 τῆςΠεργάμσυ.
775 1576 815 1659 (i)
842 1577 864 1638 1
875 1581 936 1643 354
954 1566 1027 1638 ἀλλ’
1043 1567 1123 1639 όσον
1141 1569 1175 1650 ές
1188 1566 1315 1649 Σκαιάς

143 1703 180 1745 τε
201 1675 310 1758 πύλας
330 1679 387 1745 καὶ
409 1673 515 1768 φηγόν
537 1680 666 1746 ἵκανεν·
687 1678 811 1746 Σκαιαὶ
825 1678 862 1746 δέ
877 1679 934 1746 καί
948 1675 1139 1765 Δαρδάνιαι
1157 1673 1192 1743 αἱ
1207 1671 1314 1744 αάταί.

144 1783 165 1874 ἡ
191 1784 228 1852 δέ
250 1786 328 1874 δρῦς
348 1786 415 1875 πρὸ
437 1792 496 1876 τῆς
514 1781 614 1854 Ἰλίου
636 1779 684 1876 ἦν.
718 1791 748 1852 E
767 1795 826 1858 789
850 1782 1012 1855 οὐδέποτε
1035 1795 1144 1874 Τρῶες
1163 1784 1228 1868 πρὸ
1251 1810 1315 1850 πυ-

144 1890 235 1960 λάων
250 1890 471 1982 Δαρδανιάων
493 1889 677 1977 οίχνεσκονε
696 1900 760 1961 τῶν
773 1891 916 1961 Σκαιῶν·
939 1895 1021 1986 φησί
1041 1895 1104 1983 γάρ
1120 1887 1218 1975 ,ἀλλ’
1236 1889 1316 1960 ὅσον

145 2001 180 2082 ές
200 1998 327 2081 Σκαιάς
346 2026 382 2069 τε
402 1997 511 2081 πόλος
531 2001 588 2070 καὶ
602 2001 709 2093 φηγὸν
723 2004 873 2071 ῗκανον“.
894 2006 989 2092 (BL.)
1018 2011 1050 2068 Z
1061 2011 1122 2072 237
1136 2000 1260 2088 Ἕκτωρ
1282 1995 1313 2065 δ’

144 2107 193 2190 ῶς
215 2104 344 2190 Σκαιάς
376 2134 412 2177 τε
446 2106 554 2189 πάλας
579 2110 636 2177 καὶ
662 2111 768 2202 φηγὸν
800 2112 927 2178 ἵκανεν·
963 2106 998 2198 (ἡ
1030 2109 1152 2198 διπλῆ)
1180 2106 1233 2176 ότι
1257 2107 1317 2187 τὰς

144 2218 275 2298 Σκαιάς
302 2212 509 2301 ὀνοματικῶς
530 2215 724 2306 Δαρδανίας
745 2216 843 2306 λέγει.
877 2225 914 2284 Χ
937 2228 956 2288 6
974 2213 1076 2284 Ἰλίου
1098 2213 1318 2304 προπάροιθε

145 2323 284 2392 πυλάων
304 2349 339 2391 τε
360 2319 532 2392 Σκαιάων·
554 2324 588 2393 ἐν
610 2321 765 2417 ἀριστερᾷ
785 2333 845 2394 τοῦ
864 2322 991 2408 τείχους
1013 2321 1047 2392 αὶ
1064 2319 1171 2392 πόλαι
1191 2322 1316 2394 έκειντο

145 2427 374 2501 α’ίέκαλοῢντο
377 2433 579 2564 Δαρδάνιαι
594 2437 698 2523 <Β>.(
687 2444 717 2523 (η
708 2433 854 2524 (διπλῆ)
874 2433 960 2520 πρὸς
973 2433 1033 2512 τὰς
1047 2433 1174 2512 Σκαιάς
1196 2439 1235 2500 Λ
1258 2441 1316 2503 166

144 2537 164 2629 ἦ
191 2542 297 2630 διπλῆ
324 2540 409 2629 πρὸς
432 2541 470 2608 τδ
496 2542 657 2631 περὶτοῦ
684 2537 900 2628 ναυστάθμου
927 2537 1169 2627 διάγραμμα·
1192 2540 1230 2609 τὸ
1252 2540 1399 2629 γάρ(232)
1460 2531 1463 2536 ’

134 2644 228 2717 Ἰλσυ
256 2654 348 2738 σῆμα
372 2649 456 2715 κατὰ
483 2649 587 2735 μέσον
612 2642 698 2717 εἷναί
725 2675 826 2741 φησιν
854 2648 888 2717 έν
913 2654 961 2738 τῶ
986 2644 1104 2736 πεδίῳ.
1148 2653 1193 2714 M
1217 2657 1257 2719 22
1282 2644 1315 2736 (ἡ

146 2755 310 2845 διπλῆ)“
297 2754 351 2824 ότι
377 2751 570 2847 ἀμφίβολον
596 2754 655 2842 μέν
681 2755 739 2825 ἐπὶ
765 2755 909 2842 ποτέρου
935 2760 1001 2823 τῶν
1027 2761 1188 2840 ποταμῶν
1216 2756 1315 2843 λέγει,

122 2949 124 2954 Ι
143 2868 203 2931 τοῦ
224 2858 486 2950 ΣκαμάνδρουἋ
463 2891 484 2952 νγ
506 2869 567 2932 τοῦ
587 2870 779 2949 Σιμοῦντος·
812 2863 946 2933 δεκτέον
964 2862 1036 2930 δέ’
1020 2863 1077 2931 επὶ
1096 2869 1156 2931 τοῦ
1177 2869 1317 2949 Σιμοῦν-

143 2992 211 3050 τσς·
235 2971 293 3037 διὰ
314 2969 416 3056 μέσου
440 2971 503 3060 γὰρ
525 2978 583 3040 τοῦ
601 2968 721 3040 πεδίου
743 2971 890 3063 φέρεται.
918 2970 976 3038 καὶ
991 2968 1043 3039 ότι
1060 2967 1184 3058 ἀνέγνω
1199 2969 1317 3040 Ἡσίο-

145 3080 205 3158 δος
225 3078 266 3145 τὰ
285 3075 440 3166 Ὁμήρου
462 3075 509 3159 ῶς
529 3074 570 3147 ἀν
592 3077 750 3166 νεῶτερος
763 3078 895 3148 τούτου·
918 3075 956 3148 οδ
979 3079 1041 3166 γὰρ
1057 3074 1226 3167 ἐξενήνοχε
1239 3080 1319 3158 τοὺς

144 3185 318 3270 ποταμοδς
337 3187 383 3275 μὴ
408 3181 506 3268 όντας
527 3182 734 3275 ἀξιολόγους,
759 3183 852 3276 εἰμὴ
880 3184 921 3255 δι’
939 3185 1097 3276 Ὅμηρον.
1128 3187 1247 3275 καὶτῷ
1261 3193 1317 3254 Σι-

143 3299 260 3378 μοῦντι
274 3292 486 3384 προσέθηκεν
501 3292 661 3364 ἐπίθετον
675 3295 713 3364 τὸ
730 3292 852 3377 ,,θεῖόν
865 3299 1317 3384 τεΣιμοῦντα“(θιεος.342).

145 3405 191 3467 Μ
210 3410 250 3473 66
271 3398 304 3490 (ἡ
322 3403 439 3492 διπλῆ)
463 3402 574 3472 ὅτιτὸ
596 3404 746 3490 στένωμα
767 3404 805 3472 τδ
828 3403 913 3471 κατὰ
934 3403 995 3492 τὴν
1015 3401 1163 3491 γέφυραν
1182 3409 1242 3490 τῆς
1258 3398 1319 3469 τά·

146 3533 233 3596 γρου
255 3508 353 3596 λέγει.
395 3514 551 3581 Videmus
565 3515 673 3600 igitur
695 3537 769 3580 eum
789 3538 855 3580 non
876 3519 1004 3582 tantum
1025 3515 1059 3579 in
1081 3513 1319 3579 commoriariis

146 3619 187 3686 de
209 3620 402 3687 Graecorum
430 3623 598 3688 navalibus
631 3623 721 3688 locos
748 3625 923 3707 probantes
951 3627 1097 3705 notasse,
1123 3623 1180 3688 sed
1207 3624 1320 3706 possea

147 3728 245 3793 eiiam
275 3752 417 3795 seorsum
443 3731 523 3797 haec
549 3731 658 3796 omnia
685 3730 842 3815 singulari
872 3731 1089 3816 disputatione
1118 3729 1321 3814 complexum

147 3858 217 3901 esse
240 3839 272 3900 et
294 3838 450 3920 quaedam
471 3839 505 3902 in
528 3840 645 3923 quibus
667 3838 728 3902 sibi
751 3860 872 3903 errasse
887 3839 1050 3903 videretur
1065 3837 1250 3904 correxisse.
1273 3837 1318 3904 cf.

145 3947 273 4028 praeter
296 3943 387 4011 locos
412 3946 477 4010 iam
503 3949 698 4012 memoratos
720 3947 786 4012 sch.
807 3946 835 4009 Ο
856 3952 917 4013 449
941 3937 1142 4010 ἀθετοῦνται
1159 3939 1268 4025 στίχοι
1289 3939 1317 4028 γ’

215 4145 271 4187 140⁸
290 4142 365 4215 <Non
381 4143 518 4199 feliciores
534 4144 647 4200 fueruni
664 4143 713 4198 alii
729 4143 759 4198 in
775 4145 829 4199 hoo
846 4145 932 4201 schol.
950 4145 1107 4211 tractando,
1126 4163 1149 4200 e.
1167 4162 1206 4214 gr.
1220 4144 1319 4213 Serge·

147 4227 243 4283 buseh.
273 4227 354 4284 Hom.
373 4228 435 4283 diss.
453 4229 467 4283 I
484 4247 512 4299 p.
531 4231 586 4299 28.)

217 4314 271 4355 1401)
292 4312 446 4382 <‚‚0bscura
458 4317 524 4368 sunt
535 4330 607 4383 quae
619 4317 781 4384 sequuntur,
800 4318 829 4370 et
840 4315 958 4370 fortasse
973 4313 1009 4368 ad
1024 4314 1173 4369 Aristonici
1185 4312 1321 4368 scholium

149 4414 206 4452 non
225 4399 393 4467 pertinent‘ss
420 4398 640 4467 Friedlaonder.>
