3008 4980
168 365 191 418 1.
219 360 292 427 Quid
313 363 379 416 ante
396 361 589 417 Aristarchum
605 361 635 417 in
653 361 706 418 hae
725 361 870 432 interpret.
889 361 1055 432 praestitum
1072 361 1208 417 videatur.
1231 371 1271 430 45

104 537 165 599 404
184 529 250 614 Fr.)
277 533 309 595 et
329 528 521 596 Xenocritns
543 530 627 597 Cous
653 530 879 617 grammaticus
903 529 1059 608 OErotian.
1081 530 1271 615 precipit

101 637 177 718 Fr).
221 638 433 704 Accesserant
459 640 515 723 qui
538 638 591 704 vel
613 639 707 704 iustis
730 638 965 704 commentariis
986 636 1037 702 vel
1057 639 1153 703 variis
1175 659 1272 722 opus·

103 746 185 810 culis
194 745 459 830 antiquitatesvel
474 746 624 830 antiquos
639 747 810 831 scriptores
824 745 1030 825 illustrarent,
1045 746 1100 830 qui
1115 749 1272 830 quantum

104 854 253 919 advoces
268 853 484 938 explanandas
499 854 667 919 attulerint
689 877 727 920 ex
740 853 966 919 Eratosthenis
987 853 1174 936 fragmentis
1195 848 1273 936 περὶ

104 952 245 1043 ἀρχαίας
258 955 436 1047 κωμῳδίας
449 963 587 1047 perspici
600 966 718 1047 potest.
748 962 812 1028 Sed
825 962 876 1027 his
891 961 1040 1027 omnibus
1055 983 1121 1026 non
1135 961 1273 1026 multum

104 1069 146 1134 ad
172 1069 339 1154 meliorem
360 1069 494 1134 Homeri
518 1070 817 1155 interpretationem
843 1071 1084 1136 redundaverat.
1125 1067 1272 1154 Insignes

103 1176 154 1241 illi
168 1177 343 1242 attulerant
358 1178 521 1243 doctrinae
536 1178 653 1263 copias,
676 1182 746 1244 tota
760 1178 938 1244 effuderant
959 1177 1124 1262 copiarum
1146 1197 1273 1254 cornua,

104 1306 217 1349 omnes
243 1284 392 1351 Graeciae
427 1285 564 1371 angulos
594 1287 634 1350 ad
664 1308 759 1352 voces
787 1307 957 1371 moresque
982 1285 1034 1349 his
1059 1284 1192 1349 vocibus
1219 1305 1273 1347 ex-

103 1413 232 1476 pressos
254 1391 458 1477 explicandos
479 1397 749 1478 perreptaverant,
769 1393 858 1459 nulla
878 1393 1015 1458 fortasse
1035 1391 1098 1456 fuit
1118 1391 1272 1476 placenta,

103 1499 230 1565 nullum
251 1522 314 1580 vas,
335 1500 423 1564 nulla
444 1502 589 1567 staminis
610 1524 698 1588 pars,
719 1501 808 1566 nulla
827 1501 954 1586 navigii,
976 1500 1081 1565 nullus
1103 1498 1272 1563 hominum

104 1607 344 1691 bestiarumque
379 1607 545 1691 articulus,
585 1632 723 1694 quorum
754 1632 821 1674 non
856 1609 988 1674 nomina
1023 1593 1273 1692 exploraverant,
1338 1630 1342 1637 ’

104 1715 222 1801 quibus
237 1715 351 1780 studiis
366 1738 440 1781 eum
461 1716 539 1782 alios
560 1722 673 1802 poetas
695 1723 766 1782 tum
786 1739 862 1783 vero
885 1716 1025 1781 comicos
1048 1714 1177 1800 egregie
1199 1714 1272 1778 illu-

104 1827 222 1889 stratos
249 1820 318 1889 esse
342 1828 376 1890 et
401 1846 459 1910 per
484 1847 518 1890 se
539 1829 629 1910 patet
655 1829 688 1890 et
712 1825 866 1909 reliquiae
893 1827 1063 1889 testantur.
1104 1820 1168 1889 Sed
1192 1822 1272 1885 haec

104 1930 258 2016 pleraque
290 1931 331 1996 ad
362 1954 542 1997 sermonem
572 1936 773 2016 aetatemque
798 1933 945 2010 Homeri,
971 1931 1061 1996 cuius
1089 1930 1157 2014 ipse
1188 1951 1271 1992 unus

104 2039 197 2105 testis
215 2043 272 2116 est,
293 2043 350 2104 aut
363 2062 430 2106 non
443 2044 594 2124 poterant
611 2041 773 2106 admoveri
787 2045 843 2105 aut
857 2041 986 2105 admota
999 2037 1143 2103 veritatis
1159 2036 1272 2100 lumini

106 2146 291 2213 offecerunt.
328 2145 483 2212 Nondum
508 2148 731 2213 intellexerant
756 2147 872 2233 glossis
899 2146 1064 2231 explicatis
1094 2145 1135 2209 ad
1154 2145 1272 2208 iustam

104 2254 238 2320 Homeri
258 2256 554 2340 interpretationem
567 2256 731 2320 minimam
743 2259 868 2340 partem
890 2254 986 2332 effici3
1008 2255 1079 2339 ipsa
1101 2275 1181 2337 quae
1202 2251 1272 2316 vul-

105 2362 272 2446 gatissima
285 2363 468 2429 viderentur
487 2363 700 2448 pertentanda
721 2367 754 2428 et
775 2363 816 2427 ad
829 2362 964 2428 Homeri
984 2361 1131 2448 regulam
1152 2360 1272 2426 exami-
1344 2368 1347 2372 ⁴

104 2468 212 2534 nanda
226 2491 294 2535 esse
314 2472 459 2536 nondum
480 2472 514 2535 in
536 2472 677 2536 animum
698 2471 899 2536 induxerant.
936 2470 1008 2535 Hoc
1028 2469 1146 2554 partim
1167 2467 1273 2532 effecit

103 2580 219 2660 poetae
233 2579 452 2663 perspicuitas,
475 2600 556 2662 quae
572 2580 601 2644 ei
619 2601 722 2664 saepe,
744 2582 781 2643 ut
794 2577 932 2643 Wolfius
953 2581 1040 2644 recte
1064 2577 1151 2656 dixit,
1168 2575 1273 2639 fraudi

104 2682 179 2762 fuit;
204 2685 322 2768 partim
343 2685 536 2770 philologiae
558 2709 625 2752 non
647 2687 750 2752 dicam
772 2685 1032 2762 condonandum,
1061 2685 1118 2749 sed
1139 2683 1218 2748 utile
1240 2685 1272 2746 et

104 2792 320 2856 necessarium
350 2796 399 2858 est
429 2815 499 2859 sero
530 2794 724 2879 intelligere,
760 2794 956 2877 amputando
993 2796 1094 2857 artem
1121 2812 1271 2856 crescere.

106 2897 200 2976 Quod
215 2921 276 2984 ego
291 2921 377 2964 nunc
400 2899 438 2965 de
459 2901 636 2985 primorum
650 2901 943 2967 Alexandrinorum
964 2901 1077 2964 studiis
1092 2898 1272 2963 Homericis

105 3007 247 3091 disputo,
266 3007 353 3072 idem
375 3008 413 3072 de
435 3007 659 3092 Hippocrateis
681 3009 782 3074 sensit
804 3008 951 3074 Galenus.
987 3007 1081 3085 Quod
1102 3011 1168 3071 tarn
1192 3006 1272 3069 bene

104 3114 209 3179 verbis
231 3115 387 3200 expressit
410 3118 541 3199 tamque
567 3118 641 3199 apte
663 3116 703 3180 ad
724 3116 902 3182 Homerum
928 3120 966 3180 ut
985 3115 1066 3180 haec
1086 3115 1149 3178 nisi
1171 3136 1272 3197 appo·

104 3243 214 3287 nerem
234 3222 383 3287 iniuriam
404 3221 508 3287 facere
528 3222 652 3287 viderer
672 3223 865 3309 legentibus.
900 3224 1004 3289 lrocus
1022 3222 1075 3287 hic
1090 3225 1139 3287 est
1161 3219 1271 3304 (praef.
1284 3224 1337 3293 (54)

103 3349 171 3395 roo.
186 3326 284 3414 Hipp.
297 3353 328 3414 p.
342 3332 429 3414 400):
451 3324 513 3393 ὅσα
533 3325 644 3394 τοίνυν
657 3333 722 3395 τῶν
741 3323 915 3413 ὀνομάτων
936 3328 971 3395 ἐν
990 3326 1051 3413 μὲν
1071 3329 1142 3406 τοῖς
1162 3321 1272 3389 πάλαι

103 3433 231 3520 χράνοις
244 3427 284 3523 ἦν
298 3429 438 3523 συνήθη,
463 3434 531 3502 νυνί
554 3433 582 3501 d'
607 3431 719 3504 οὐκέτι
733 3432 812 3517 ἐστί,
835 3435 876 3502 τὰ
894 3434 955 3520 μὲν
968 3439 1106 3503 τοιαῦτα
1121 3426 1273 3520 γλώσσας

103 3542 244 3608 καλοῦσι
269 3541 325 3609 καὶ
350 3547 452 3608 ταῦτα
474 3539 609 3630 <ταάτας
630 3547 695 3632 ed.)
722 3539 959 3633 ἐξηγησάμενος
980 3540 1137 3630 ἔρχομαι»
1159 3541 1205 3606 τὰ
1229 3537 1272 3605 δὲ

104 3643 204 3715 itta
219 3646 361 3730 πάντα,
380 3647 450 3717 ὅσα
466 3647 660 3740 ζητήσεως
672 3651 742 3737 μὲν
759 3647 825 3735 οὐχ
843 3649 1006 3743 ἥττονος
1019 3652 1268 3737 προσδεῖται,

102 3750 229 3846 συνήθη
252 3755 290 3824 δέ
311 3755 401 3825 ἐστιν
422 3753 584 3845 sigoalde,
610 3759 695 3826 κατὰ
716 3760 776 3839 τὰς
795 3766 863 3829 τῶν
884 3754 1144 3847 συγγραμμάτων
1165 3752 1271 3825 αὐτῶν

103 3862 265 3956 ἐξηγήσεις
278 3859 414 3948 άμεινον
426 3863 701 3937 ἐπισκοπεῖσθαι.
726 3864 777 3946 τίς
789 3869 850 3955 γὰρ
865 3863 884 3958 ή
895 3865 1003 3954 κρίσις
1013 3866 1071 3933 καὶ
1083 3864 1117 3932 τί
1126 3865 1164 3933 τὸ
1175 3869 1272 3932 θεῖον

102 3973 159 4040 καί
175 3969 209 4038 τί
220 3973 258 4043 τὸ
281 3967 400 4058 ἀρτίως
414 3972 471 4040 καὶ
483 3968 565 4059 τίςή
586 3968 637 4039 εἰτ’
655 3968 765 4062 άκρων
786 3973 891 4056 εὐεξία
912 3975 970 4041 καί
989 3969 1094 4040 πάνθ’
1119 3972 1182 4042 ὅσα
1203 3998 1268 4040 τοι·
1287 3999 1319 4048 45

102 4085 185 4148 αὕτα
201 4076 301 4167 λόγου
315 4080 377 4165 μὲν
391 4077 592 4170 παμμήκους
607 4075 654 4159 είς
671 4078 821 4172 ἐξήγησιν
837 4084 954 4164 δεῖται,
977 4077 1105 4173 συνήθη
1126 4080 1164 4148 δέ
1183 4079 1271 4148 ἐστιν

101 4184 197 4256 οὐδὲν
210 4179 309 4276 ήττον
323 4184 344 4279 ἢ
358 4185 433 4273 βίος
452 4187 510 4254 καί
530 4188 653 4274 βραχὺς
674 4188 731 4256 καί
752 4187 845 4280 τέχνη
867 4191 925 4285 καί
943 4191 1055 4277 μακρὰ
1079 4189 1136 4257 καί
1156 4192 1271 4275 καιρὸς

99 4297 156 4364 καί
170 4292 257 4379 ὀξίς·
281 4293 392 4363 καίτοι
407 4295 464 4362 καί
482 4291 612 4363 τούτων
626 4293 699 4364 ἔνια
723 4296 830 4365 δεῖταί
842 4325 933 4380 τινος
955 4296 1145 4388 ἐξηγήσεως.
1177 4294 1271 4364 ὅθεν

103 4399 224 4491 ἔμοιγε
238 4405 299 4473 καί
313 4403 524 4489 θαυμάζειν
539 4402 687 4494 ἐπῆλθε
704 4413 777 4473 τῶν
791 4404 943 4475 άιτασαν
956 4407 1188 4495 ἐξηγεῖσθαι
1204 4404 1271 4490 τήν
