3008 4980
163 1848 217 1917 (21)

187 1937 221 2008 τε

234 325 271 387 18
515 319 536 374 Ι.
555 319 596 373 De
612 319 744 374 fontibus
755 319 896 374 doctrinae
914 319 1114 373 Aristarcheae.

230 485 262 565 (1
284 488 354 567 169)
376 479 411 549 έν
435 508 503 549 τινι
524 488 591 550 τῶν
617 479 852 572 ἠκριβωμένων
874 479 1070 569 ποιημάτιον
1092 484 1123 564 (l.
1143 477 1407 570 ὑπομνημάτων)

229 585 353 676 γράφει
372 594 476 656 ταῦτα
491 590 576 656 κατὰ
600 589 698 671 λέξιν·
721 584 786 670 „od
802 585 871 655 κατ’
896 586 1056 655 ἐπίθετον
1078 586 1167 674 λέγει
1181 587 1295 675 μέγας,
1319 585 1408 656 ἀλλὰ

229 694 314 780 πρὸς
342 691 596 788 άντιδιαστολὴν
624 703 682 764 τοῦ
710 694 822 781 ἑτέρου
848 691 1006 775 Αἴαντος.
1036 694 1114 763 ὅταν
1137 695 1173 763 δὲ
1195 696 1273 786 λέγῃ
1295 694 1409 777 ,,Ζεὺς

228 828 270 887 με
297 802 401 890 μέγας
425 799 613 890 Κρονίδης(
639 800 750 872 οὐκέτι
778 803 831 870 ὅτι
860 804 917 870 καί
944 801 1056 889 ἕτερος
1075 801 1194 889 μικρός
1219 801 1325 870 έστι.“
1349 804 1409 871 καί

227 937 304 992 τους
324 906 386 977 ἀπ’
412 907 511 979 αὐτοῦ
538 911 575 979 δέ
593 911 780 998 χρωμένους
805 909 893 978 έστιν
914 908 1076 1002 εὑρεῖντῄ
1098 917 1217 1002 γραφῇ,
1240 909 1408 978 Διονυσό-

229 1023 336 1104 δωρον
362 1019 421 1086 τὸν
443 1015 661 1104 Ἀλεξανδρέα
693 1020 750 1085 καὶ
770 1015 968 1103 Ἀμμώνιον.
1010 1016 1201 1105 ἐπιλέγουσι
1234 1018 1270 1087 δὲ
1296 1015 1407 1086 οὐδέν·

229 1126 282 1193 διὸ
306 1125 363 1192 καί
390 1126 450 1205 τὰς
474 1125 653 1214 μαρτυρίας
674 1123 782 1193 αὐτῶν
806 1123 865 1193 οὐκ
888 1124 1092 1215 ἐγράψαμεν.
1117 1127 1175 1193 καὶ
1195 1124 1408 1212 Καλλίστρα-

226 1257 283 1311 τος
308 1231 345 1300 δέ
365 1232 400 1300 έν
424 1240 472 1321 τῷ
497 1235 575 1319 περὶ
604 1230 748 1313 Ἰλιάδος
777 1233 881 1313 οὑτως
915 1233 1132 1323 προφέρεται,
1168 1232 1252 1300 ῶστε
1288 1232 1408 1318 ὅμοιον

227 1331 312 1405 εἶναι
334 1346 379 1428 τῶ
400 1339 501 1421 ,snut
521 1341 624 1427 μέγας
644 1336 796 1408 ὠδύσατο
811 1339 918 1419 Ζεὺς“
942 1345 983 1425 (Σ
995 1351 1078 1422 292).
1106 1337 1221 1408 οὐδὲὺ
1244 1339 1408 1428 έπιθέτης

230 1446 266 1512 δέ
287 1449 499 1533 Πτολεμαῖος
519 1450 579 1528 τὰς
592 1447 782 1538 Ζηνοδότου
804 1447 932 1536 γραφὰς
954 1447 1164 1532 ἐκτιθέμενος
1184 1443 1304 1537 ταύτην
1319 1445 1406 1532 ῶμο

229 1551 322 1640 λέγει
347 1555 535 1644 Ζηνοδότου
562 1550 657 1627 εἶναι,
704 1558 800 1638 (Huic
827 1558 950 1624 scholio
980 1559 1097 1623 diserte
1123 1560 1279 1624 additum:
1299 1561 1405 1623 ταῖτα

231 1659 441 1749 ὑΔίδυμος.)

313 1885 333 1962 ξ
356 1888 383 1947 2.
426 1881 506 1946 Tam
530 1885 697 1968 egregium
718 1882 935 1966 fragmentum
950 1905 1016 1947 non
1038 1887 1164 1949 tantum
1186 1887 1224 1946 ut
1243 1887 1330 1947 recte
1352 1884 1404 1967 in·¹

229 1987 397 2074 telligatur
417 1990 570 2074 postulat,
593 1991 650 2055 sed
672 1989 769 2053 etiam
792 1989 831 2052 ab
855 1990 944 2053 omni
964 1994 1055 2073 parte
1077 1994 1113 2053 ut
1127 1988 1276 2054 lectionis
1298 1994 1331 2054 et
1351 1990 1403 2055 in-

229 2097 468 2179 terpretationis
489 2098 568 2161 fides
589 2101 779 2180 praestetur.
822 2096 894 2160 Hoc
915 2096 1016 2180 igitur
1036 2097 1175 2180 primum
1195 2119 1339 2180 agamus,

310 2202 472 2281 Σχολικὸν
498 2198 648 2288 ἀγνόημα
674 2206 719 2268 sic
746 2203 841 2268 verti:
876 2226 982 2282 „error
1008 2203 1167 2269 scholae.“
1208 2203 1403 2288 Plerumque

229 2311 420 2375 adjectivum
447 2309 601 2390 σχολικός
624 2313 671 2375 ita
693 2315 882 2394 usurpatum
906 2311 1095 2389 invenimus,
1120 2315 1158 2375 ut
1182 2312 1223 2376 ad
1249 2312 1291 2389 id,
1315 2313 1404 2396 quod

228 2419 356 2501 proprie
384 2419 555 2502 significat,
580 2420 711 2504 putidae
741 2417 792 2483 rel
817 2418 979 2482 fastuosae
1001 2418 1186 2502 diligentiae
1208 2420 1339 2483 accedat
1361 2421 1403 2484 si·

229 2523 401 2609 gnificati0‚
425 2527 474 2590 uti
502 2528 588 2610 apud
614 2527 750 2612 Longin.
772 2525 820 2590 ΠΙ
842 2534 860 2592 5
882 2522 993 2587 πολλὰ
1020 2523 1081 2607 γὰρ
1104 2521 1215 2608 ῶσπερ
1239 2522 1275 2589 ἐκ
1292 2523 1404 2610 μέθης

227 2630 313 2707 τινές
332 2625 379 2708 εἰς
401 2631 441 2696 τὰ
461 2632 579 2719 μηκέτι
599 2629 878 2717 τοῦπράγματος,
902 2625 976 2693 ἴδια
992 2624 1024 2694 δ’
1049 2626 1173 2695 ἑαυτῶν
1194 2629 1251 2695 καὶ
1265 2631 1403 2715 σχολικὰ

228 2735 455 2825 προφέρονται
487 2734 596 2826 πάθη.
638 2740 708 2806 Xr
739 2735 826 2802 ἀλλὰ
851 2737 911 2814 τὰς
942 2734 1065 2821 ἐξοχάς,
1092 2735 1137 2815 ὡς
1159 2733 1200 2802 dv
1222 2733 1315 2804 εἴποι
1336 2763 1403 2818 τις,

227 2838 416 2932 ἀριστίνδην
453 2845 697 2937 ἐκκαθήραντες
738 2843 1000 2931 ε’πισυνέδηκαν,
1037 2840 1133 2909 οὐδέν
1178 2846 1346 2932 φλοιῶδες
1382 2842 1404 2936 ἢ

228 2947 371 3036 άσεμνον
392 2950 413 3042 ἢ
433 2954 588 3034 σχολικὸν
610 2951 902 3039 ε’γκατατάττοντες
923 2951 979 3017 διὰ
1001 2949 1114 3034 μέσου.
1143 2954 1239 3020 Dion.
1261 2976 1403 3039 compos.

227 3085 254 3128 v.
281 3060 370 3126 XXII
395 3087 426 3147 p.
450 3069 509 3131 302
537 3062 608 3129 Sch.
631 3059 779 3126 ἐνταῦθα
805 3059 825 3152 ἡ
849 3060 909 3144 μέν
934 3055 1104 3136 ὑπόδεσις
1137 3055 1258 3150 ἀπῄτει
1287 3061 1402 3126 πολλὰ

227 3168 464 3251 παρασχέσθαι
489 3174 554 3232 τῶν
577 3164 755 3255 εἰρημένων
778 3163 917 3234 ἑκάστου
946 3163 1215 3252 παραδείγματα·
1243 3167 1300 3232 καὶ
1321 3162 1404 3246 ἴσως

228 3271 288 3342 οὐκ
311 3271 350 3340 δν
373 3270 516 3365 άηδηςὺ
549 3273 648 3360 λόγος
676 3273 802 3359 ἐγένετο
823 3276 964 3352 πολλοῖς
991 3273 1102 3359 ὥσπερ
1130 3270 1250 3340 dossa
1279 3299 1403 3342 πεποι-

225 3382 381 3466 κιλμένος
411 3387 447 3472 (l.
476 3382 747 3469 ποικιλλόμενος)
781 3387 851 3460 τοῖς
886 3378 1056 3466 εἰαρινοῖς·
1096 3377 1168 3446 ἀλλ’
1198 3379 1403 3468 ὑπέρμετρον

227 3487 344 3573 ἔμελλε
368 3488 585 3580 φανήσεσθαι
608 3490 646 3556 τὸ
671 3488 839 3575 σύνταγμα
860 3491 916 3556 καί
942 3488 1096 3570 σχολικὸν
1116 3490 1246 3573 μᾶλλον
1274 3486 1403 3580 ἣπαρ-

227 3594 475 3683 αγγελματικόν,
520 3600 565 3665 ef.
590 3599 711 3665 Gesner
734 3623 758 3666 s.
780 3623 808 3664 v.
844 3600 933 3664 Haec
955 3601 1046 3684 quasi
1074 3601 1250 3664 accessoria
1275 3601 1401 3685 signifi-

227 3708 310 3774 catio
334 3732 353 3772 a
374 3714 484 3774 nostro
511 3709 585 3774 loco
616 3708 730 3786 aliena,
756 3709 811 3792 qui
832 3709 914 3773 illud
935 3708 1040 3772 solum
1060 3707 1123 3772 fert
1145 3710 1233 3791 quod
1255 3708 1402 3775 diximus.

227 3816 280 3880 Sic
302 3817 419 3882 Athen.
441 3816 488 3881 ΠΙ
509 3815 567 3884 83b
590 3813 663 3879 ἐπεὶ
685 3815 742 3880 καὶ
763 3812 866 3892 άλλος
886 3839 937 3891 τις
957 3819 1025 3880 τῶν
1047 3810 1184 3898 ἑταίρων
1209 3808 1293 3880 τοῦτ’
1315 3811 1401 3898 ἔχειν

227 3920 312 3986 οὑτω
334 3923 571 4006 διεβεβαιοῦτο,
595 3918 787 4007 ὁρμώμενος
801 3919 838 3988 έκ
856 3947 954 3987 τινων
972 3922 1133 4002 σχολικῶν
1153 3915 1401 4008 ὑπομνημάτων

228 4023 350 4112 ἀνδρὸς
372 4025 432 4095 οὑκ
451 4026 583 4111 άδάξου.
629 4033 884 4098 Commentarios
906 4031 1034 4096 scholae
1058 4032 1142 4109 dicit,
1167 4031 1199 4095 h.
1222 4054 1248 4097 e.
1270 4031 1401 4097 scholae

226 4138 277 4203 vel
299 4139 563 4207 scholasticorum
583 4143 656 4206 usui
679 4143 864 4219 destinatos,
884 4163 950 4204 non
972 4140 1005 4203 in
1031 4139 1197 4224 publicum
1225 4138 1337 4203 editos.
1359 4178 1401 4186 —-

308 4246 376 4308 Καὶ
393 4242 520 4326 δόξειεν
535 4242 575 4310 dv
594 4244 660 4314 ὑπὸ
679 4245 859 4314 Διονυσίου
874 4251 931 4311 τοῦ
954 4245 1086 4332 Θρᾳκὸς
1105 4249 1208 4308 ταῦτα
1225 4241 1400 4315 δεδόσθαι.

224 4354 266 4419 Η.
286 4353 308 4420 l.
326 4377 556 4440 nonnunquam
580 4358 794 4441 promptiores
815 4357 935 4420 fuimus
955 4355 995 4420 ad
1017 4352 1219 4419 scribendum
1245 4348 1400 4418 διαδεδό-
