3008 4980
228 322 286 383 126
316 315 349 368 H.
367 312 408 368 De
425 312 601 368 Aristarcheu
620 311 817 366 vocabulorum
835 309 1045 365 Homerieorum
1062 309 1304 381 interpretatione.

222 506 312 548 versa
333 487 423 548 erat?
451 488 485 546 N
504 488 564 550 408
590 475 621 566 (ἡ
647 479 764 565 διπλῇ)
792 475 845 546 δτι
865 477 904 544 τὸ
926 482 994 556 πᾶς
1014 472 1087 546 ἀντὶ
1106 482 1167 545 τοῦ
1188 475 1278 557 ὅλος.
1312 474 1334 566 ἡ
1359 477 1393 545 δέ

222 582 378 677 ἀναφορὰ
407 587 492 675 πρὸς
518 587 554 654 τὸ
582 589 713 673 ,μᾶσαι
735 581 767 652 δ’
790 579 947 671 ὠΐγνυντο
975 582 1117 654 πύλαιῑί.
1159 590 1193 651 Ψ
1215 580 1318 674 13δὴ
1344 587 1396 652 er:

221 696 292 783 πλῆ
314 693 418 766 ὅτιτὸ
440 692 549 762 πάντα
571 691 644 761 ἀντὶ
664 698 723 761 τοῦ
744 690 835 772 tlon,
859 692 944 779 πρὸς
963 691 1002 760 τὸ
1025 699 1156 774 ,,πᾶσαι
1179 688 1210 759 δ’
1236 687 1392 778 ὠΐγνυντο

221 799 363 871 πύλαιῑῑ.
395 845 434 855 -
466 805 570 884 Quam
604 806 712 870 omniu
743 805 875 869 minima
906 803 1134 869 subtilissimus
1164 804 1392 891 grammaticus

221 915 406 994 attenderit,
433 913 494 977 hao
522 914 616 977 etiam
645 912 868 977 observatione
893 912 1061 996 probatur,
1087 933 1169 996 quae
1197 912 1239 976 ud
1266 912 1391 976 easdem

220 1022 293 1086 illas
318 1026 428 1105 portas
455 1021 607 1106 pertinet.
649 1022 692 1080 M
713 1023 859 1086 121est:
885 1007 949 1103 εὗρ’
974 1014 1229 1101 ἐπικεκλιμένας
1256 1018 1392 1094 σανίδας

221 1126 277 1193 καί
295 1125 423 1212 μακρὸν
446 1121 539 1214 ὀχῆα.
568 1127 651 1193 Item
671 1123 800 1212 μακρὸν
822 1119 906 1213 ὀχῆα
920 1133 989 1195 291.
1024 1125 1183 1193 Notatum
1198 1126 1239 1192 ad
1253 1128 1390 1212 priorem

220 1236 343 1302 locum:
365 1231 396 1322 (ἡ
415 1224 533 1322 dtuli)
556 1231 608 1299 ὅτι
623 1231 739 1310 ἑνικῶς
754 1226 882 1320 ε’ίρηκεν
897 1226 991 1320 ὀχῆα,
1018 1229 1079 1299 δίο
1095 1230 1133 1300 δέ
1155 1228 1255 1299 εἰσιν·
1277 1232 1392 1312 ,,δοιοί

221 1338 252 1408 δ’
270 1339 427 1409 ἔντοσθεν
449 1336 545 1430 ὀχῆες
566 1333 653 1422 εἶχον
675 1336 882 1428 ἐπημοιβοία
905 1344 962 1429 (Μ
974 1344 1057 1426 455).
1092 1343 1144 1407 Ad
1165 1342 1319 1408 alterum:
1342 1338 1391 1407 ὅτι

219 1449 276 1516 τὸν
303 1449 427 1533 μοχλὸν
454 1447 524 1529 ἕνα,
553 1448 609 1514 διὰ
636 1453 701 1514 τῶν
729 1443 802 1534 ἑξῆς
829 1443 890 1513 δύο
920 1444 1138 1532 παραδιδούς.
1177 1450 1329 1534 Denique
1353 1451 1390 1514 ad

219 1561 366 1640 tertium,
392 1561 476 1625 unde
505 1560 544 1623 de
573 1558 677 1644 figura
704 1557 839 1642 duplicis
860 1558 979 1642 pessuli
1001 1561 1104 1642 patet:
1135 1549 1168 1642 (ἡ
1191 1555 1313 1642 διπλῆ)
1341 1552 1390 1622 ὅτι

220 1665 278 1731 δίο
302 1664 382 1754 φησί
402 1664 546 1748 μοχλοὺς
568 1657 652 1730 εἶναι
674 1662 732 1729 ἐπί
751 1667 811 1749 τῆς
825 1660 941 1749 πύλης,
966 1661 1003 1744 ἐξ
1023 1659 1181 1747 ἐκατέρας
1197 1662 1301 1752 φλιᾶς
1322 1661 1387 1742 ἕνα,

220 1769 533 1854 ἐπαλλασσομένοος
559 1771 643 1836 κατὰ
670 1769 773 1853 μέσον
795 1769 853 1837 καί
875 1770 932 1838 ἐπὶ
951 1775 1022 1849 τοῖς
1042 1765 1159 1857 δίκροις
1178 1768 1390 1855 ἐπικλειομέ-

220 1905 295 1958 νοας
317 1880 375 1946 διὰ
395 1879 457 1967 τὴν
476 1879 646 1966 συμβολὴν
666 1884 730 1968 μιᾷ
751 1875 867 1948 κλειδί.

690 2121 921 2129 ...—--——-—-

645 2292 807 2382 Βρότος.
839 2286 957 2379 Αἷμα.

300 2445 333 2518 Ξ
344 2457 362 2517 7
381 2443 413 2535 (ἡ
432 2448 548 2536 διπλῆ)
571 2444 623 2515 ὅτι
648 2441 685 2514 οὐ
708 2451 777 2512 πᾶν
799 2436 883 2531 αἷμα
897 2440 1027 2531 βρότος,
1052 2440 1140 2512 ἀλλὰ
1159 2443 1197 2514 τδ
1220 2439 1290 2512 ἀπὸ
1312 2450 1390 2534 βρο·

217 2560 276 2621 τοῦ
298 2553 554 2644 πεφονειμένοι.

152 2911 199 2962 127
597 2886 744 2972 Ψίχειν.
774 2888 1007 2977 Τέρσεσθαι.

298 3047 337 3106 Λ
357 3050 416 3110 1321
440 3035 472 3128 (ἡ
497 3041 615 3129 διπλῆ)
641 3039 693 3111 ὅτι
715 3035 833 3131 ψύχειν
853 3038 914 3125 μὲν
935 3036 1024 3125 λέγει
1045 3037 1131 3124 πρὸς
1153 3031 1292 3124 ἔνεμον,
1312 3033 1388 3122 τέρ-

218 3154 339 3214 σεσδαι
354 3146 390 3213 δὲ
405 3146 439 3213 ἐν
453 3144 551 3235 ἡλίῳ·
575 3150 719 3231 ,μίματα
735 3144 766 3215 δ’
783 3144 915 3236 ἠελίοιο
936 3144 1037 3233 μένον
1058 3141 1254 3232 τερσήμεναι
1277 3140 1388 3238 αὖχῇ“

218 3255 250 3337 (ζ
269 3261 330 3340 98).

686 3411 916 3423 -...-.-..--.-

134 3611 204 3680 (¹³²)
558 3601 729 3671 Διαίκειν
750 3611 784 3672 et
805 3603 1045 3690 ἐπιδραμεῖν

251 3756 496 3846 διὶτίιίιχνιιιιαιν.
531 3758 622 3822 Illud
642 3758 786 3844 (quando
808 3758 846 3823 de
862 3757 1122 3844 persequentibus
1142 3754 1278 3836 δίοδον)
1301 3767 1346 3819 est

464 3866 620 3952 persequi
635 3868 789 3952 εοιοινίονα,
811 3866 866 3931 hoe
886 3865 1123 3952 ιὀιμνκιίεκιεικ.

296 4030 380 4095 Puto
403 4032 565 4096 subtiliter
585 4032 791 4112 intellexisse,
812 4036 847 4095 K
860 4037 921 4101 354
942 4033 994 4114 (eo
1016 4031 1101 4096 enim
1122 4029 1202 4093 haec
1223 4031 1386 4112 spectant)

216 4139 256 4203 ad
279 4139 479 4204 subitaneam
506 4141 761 4224 persecutionem
786 4140 989 4205 indicandam
1015 4160 1083 4203 voc.
1111 4133 1308 4222 ἐπιδραμεῖν
1328 4160 1384 4202 va·

215 4246 294 4326 lere,
328 4269 410 4329 quae
439 4248 549 4331 paucis
575 4249 720 4314 versibus
747 4252 822 4333 post
848 4251 933 4329 (359)
960 4247 1024 4311 iam
1050 4245 1157 4310 looum
1183 4267 1249 4310 non
1274 4244 1384 4310 habet.

216 4358 248 4417 Κ
269 4360 329 4422 354
351 4347 383 4439 (ἡ
409 4353 527 4440 διπλῇ)
549 4351 660 4421 ὅτιτὸ
681 4351 741 4436 μὲν
763 4351 959 4436 ἐπιδραμεῖν
979 4349 1122 4439 τίθησιν,
1147 4347 1202 4418 ὅτε
1224 4344 1262 4416 οὗ
1283 4342 1385 4435 γινοί-
