3008 4980
220 340 281 404 306
667 333 716 391 IV.
739 331 781 388 De
797 331 934 404 prosodia.

219 496 277 565 έπὶ
301 492 386 586 νηός.
429 492 450 584 ἦ
479 491 561 576 ἆλύς
587 497 697 586 γενικὴ
726 494 783 566 ἐπὶ
808 495 868 582 μέν
895 493 1016 582 κυρίων
1039 493 1264 584 συντιθεμένη
1282 493 1374 587 ψιλὸν

219 601 385 695 ἀποφέρει
403 604 442 671 τὸ
461 609 601 689 πνεῶμα,
626 598 697 673 οἷον
711 602 890 692 Εύρύαλος,
916 603 974 671 ἐπὶ
995 601 1032 670 δέ
1052 600 1220 670 έπιδέτσν
1240 600 1279 670 τδ
1297 597 1374 670 ἰ’διον

217 716 309 803 τηρεῖ
320 716 461 795 πνεῦμα,
486 710 546 791 „du
562 708 724 803 ἀμφιῶλφ
737 709 880 804 Ἰδῶκηίί
896 716 935 800 <o
949 717 1036 799 386),
1059 709 1206 798 ύφαλος,
1228 706 1373 797 πάραλος.

218 816 248 886 εἰ
271 812 407 888 οὖνκαὶ
432 825 528 887 τοῦτο
552 817 712 889 ἐπίθετον
734 816 771 889 δν
792 823 907 907 (scribe
929 815 1156 907 ἐπιθετικόν),
1178 813 1307 909 ῶφειλε
1324 817 1373 884 δα-

218 922 394 1008 σύνεσθαι,
425 923 519 1016 εἴπερ
551 920 591 1016 ἦν
617 924 793 997 σύνθετον·
829 934 884 995 νῶν
911 926 948 994 δέ
972 926 1180 1015 παραγωγὴν
1204 922 1307 1012 ἔλαβε
1327 930 1374 1014 τῆς

219 1032 301 1115 ἁλὸς
328 1035 412 1102 κατὰ
439 1034 616 1126 παρολκην
643 1034 801 1124 κειμένης.
846 1035 899 1103 διδ
921 1037 955 1120 (Ι.
978 1029 1089 1121 ῶλλοι)
1111 1031 1289 1125 έψίλιοσαν
1306 1031 1373 1101 τδα

217 1142 421 1232 παραγωγὴν
454 1139 665 1228 ἐκδεξάμενοι
695 1145 752 1210 καὶ
783 1137 822 1210 ού
853 1140 1018 1210 σύνθεσιν
1065 1143 1140 1211 Sive
1174 1142 1211 1209 hi
1243 1143 1308 1211 sive
1334 1141 1373 1206 illi

218 1253 398 1340 significare
426 1254 555 1338 quidem
582 1253 664 1318 nihil
690 1254 844 1319 volebant
869 1276 966 1338 quam
986 1255 1127 1332 ταχεῖαν.
1169 1250 1251 1318 lnde
1273 1249 1374 1335 duplex

218 1362 303 1444 apud
317 1360 514 1445 Hesychium
529 1362 697 1446 explicatio
721 1367 782 1428 est:
810 1354 976 1438 ὠκύαλος·
1007 1353 1119 1438 ὠκεῖα,
1142 1361 1270 1439 ταχεῖα,
1292 1352 1373 1437 ταχύ-

217 1467 331 1545 πλοος.
374 1466 438 1535 Sed
459 1468 662 1535 Herodianus
690 1470 777 1554 quod
801 1469 927 1535 videam
954 1468 995 1533 ad
1020 1467 1152 1554 propria
1178 1466 1309 1552 quidem
1328 1485 1374 1549 per

192 1644 194 1648 ,
217 1575 324 1640 lenem
340 1575 566 1661 distinguenda
579 1576 772 1642 inclinabat:
792 1578 896 1642 sedin
917 1576 1083 1642 adiectivis
1102 1574 1193 1640 illam
1215 1570 1374 1658 nupsistis

219 1683 397 1748 doctrinam
418 1705 478 1749 nec
496 1684 661 1749 adamasse
682 1685 808 1750 videtur
829 1706 888 1750 nec
910 1684 1058 1769 spiritum
1078 1682 1187 1749 lenem
1207 1682 1374 1747 adsciscen-

220 1791 295 1856 dum
308 1790 443 1875 putavit.
476 1791 559 1856 Vide
575 1795 607 1856 et
621 1795 658 1857 ut
670 1792 823 1876 loquatur
844 1793 883 1858 de
903 1785 1101 1872 ταλαύρινος
1121 1793 1155 1857 et
1177 1794 1217 1856 ut
1237 1781 1373 1864 ὠκύαλος

219 1920 292 1964 cum
307 1897 455 1963 omnibus
471 1898 630 1964 similibus
644 1900 721 1965 item
736 1904 775 1964 ut
787 1894 918 1986 ύφαλος
932 1920 1006 1966 cum
1019 1920 1132 1984 aspero
1146 1901 1260 1964 teneat
1278 1898 1372 1963 0705.

218 2005 268 2070 De
288 2000 465 2091 μελιηδέος
486 2007 527 2070 ad
541 2007 573 2069 Δ
587 2011 647 2074 346
667 2011 827 2073 servatum
847 2007 922 2072 hoc:
943 2000 1119 2071 δασυντέον
1138 2002 1180 2073 τὸ
1201 1999 1372 2091 μελιηδέος,

219 2112 258 2176 of.
293 2112 361 2178 eius
395 2112 540 2178 scholion
570 2113 666 2179 modo
693 2115 887 2199 exscriptum
916 2117 946 2178 Ε
968 2119 1038 2182 289.
1084 2112 1262 2180 Refutundi
1288 2113 1373 2189 eraut

220 2219 276 2304 qui
306 2220 398 2286 aliter
424 2223 610 2286 statuerant.
638 2221 745 2307 Etym.
771 2222 815 2289 M.
835 2245 867 2306 p.
891 2228 966 2305 577,
987 2227 1027 2289 29
1050 2216 1231 2308 μελιηδέαε
1260 2217 1372 2311 ψιλῶς·

183 2370 186 2376 ,
219 2320 315 2410 ῶρκεῖ
339 2325 401 2414 γὰρ
428 2325 466 2394 τὸ
493 2323 573 2410 μέλι
598 2326 683 2414 πρὸς
707 2327 746 2395 τὸ
773 2324 958 2417 ἐμφανίσαι
984 2325 1045 2415 τὴν
1069 2321 1206 2415 ἡδονήν.
1248 2325 1372 2413 Hesych

217 2431 389 2522 μελιηδές.·
409 2436 597 2517 μελιτῶδες,
620 2431 767 2523 ἥδιστον,
797 2432 926 2501 διὸκαὶ
947 2432 1119 2527 ἐψιλοῦτο.
1140 2429 1303 2524 παρήχθη
1321 2430 1373 2519 γὰρ

218 2540 311 2626 παρὰ
332 2541 370 2608 τὸ
391 2539 479 2624 μέλι.
516 2537 601 2610 ένιοι
629 2540 665 2608 δέ
690 2539 735 2621 ῶς
758 2540 839 2626 μέλι
859 2538 933 2631 ἡδύ.
977 2541 1031 2611 διδ
1054 2540 1112 2610 καὶ
1133 2538 1302 2611 έδῶσανον.
1342 2540 1374 2607 ln

219 2672 284 2735 quo
311 2652 391 2717 item
422 2652 559 2739 vestigia
587 2654 676 2719 uides
702 2674 812 2719 eorum
840 2675 968 2737 quoque
993 2655 1043 2735 (ut
1066 2654 1101 2718 in
1126 2645 1282 2730 ὠκύαλος
1305 2649 1374 2717 uidi·

218 2762 302 2853 mus)
325 2760 381 2844 qui
401 2755 563 2847 μελιηδής
583 2784 656 2828 vere
670 2760 872 2847 paragogicis
887 2759 1018 2847 syllabis
1032 2760 1208 2827 formatum
1226 2760 1374 2847 putarent

301 2866 401 2932 Aliud
427 2890 467 2933 ex
492 2868 555 2934 hoc
583 2890 701 2955 genere
728 2872 865 2953 estque
891 2869 932 2934 ad
952 2869 1173 2935 Aristarchum
1195 2868 1375 2935 reducimur.

219 2974 291 3041 Hoc
313 2979 362 3041 est
384 2975 448 3040 sch.
470 2975 501 3041 V
523 2977 562 3042 ad
583 2981 621 3040 X
640 2982 699 3044 332
729 2971 788 3057 έμέ
814 2968 846 3039 δ’
871 2968 966 3041 οὐδέν
991 2970 1109 3056 ὀπίζεο
1131 2969 1254 3066 νόσφιν
1275 2968 1376 3040 idne:

220 3075 317 3147 οὐδέν
337 3083 459 3173 ψιλῶς,
483 3083 538 3148 ἵνα
558 3081 709 3172 παρέλκῃ
728 3079 768 3151 τὸ
792 3080 857 3148 δέν.
889 3077 1027 3149 δύναται
1050 3080 1157 3149 δὲκαὶ
1179 3079 1317 3161 δασέως.
1343 3077 1377 3146 cl.

219 3191 260 3255 ad
278 3197 346 3258 512.
382 3189 490 3258 Schol.
512 3192 543 3257 A
564 3194 604 3257 ad
626 3196 664 3257 A
678 3199 741 3260 244
763 3185 940 3272 πλεονάζει
960 3191 998 3258 τδ
1022 3191 1088 3257 δεν·
1109 3185 1307 3274 ἷσοδνναμεῖ
1326 3184 1378 3274 γὰρ

217 3299 265 3381 τῶ
283 3290 342 3363 oda
362 3291 481 3375 έτισας.
520 3291 733 3382 Ἀρίσταρχος
757 3295 937 3385 παρέλκειν
959 3296 1049 3384 λέγει
1067 3297 1106 3365 τδ
1129 3299 1199 3379 δεν,
1219 3289 1377 3364 Ἀπολλύ-

218 3402 325 3489 δωρος
351 3402 388 3469 δέ
415 3402 450 3470 ἐν
472 3399 638 3491 μλώσσαις
659 3397 744 3472 εἶναι
765 3404 804 3474 τδ
825 3406 950 3495 πλῆρες
975 3401 1053 3475 σύδέ
1077 3404 1119 3475 έν.
1161 3406 1307 3486 πολλοῖς
1325 3401 1378 3490 γὰρ

217 3509 358 3577 καὶτῶν
378 3506 490 3579 ῶλλων
515 3519 751 3599 γραμματικῶν
774 3515 867 3580 δοκεῖ
885 3510 961 3601 τρία
983 3506 1068 3581 εἶναι
1093 3510 1176 3602 μέρη
1199 3508 1318 3600 λόγον,
1343 3502 1376 3577 ού

152 3633 198 3684 311
219 3617 276 3685 καὶ
298 3616 337 3686 δέ
357 3619 414 3686 καὶ
436 3618 479 3686 έν.
519 3624 615 3702 Quod
636 3645 695 3690 nec
716 3625 771 3688 Ar.
793 3624 936 3691 nescivit
972 3625 1024 3691 Ad
1043 3623 1269 3690 Aristarchum
1287 3620 1377 3708 perli-

217 3735 273 3797 net
294 3732 391 3797 etiam
412 3732 511 3798 schol.
532 3736 642 3800 11274
665 3724 778 3797 ούδένι
811 3727 842 3820 (ἦ
868 3731 983 3820 διπλῇ)
1009 3727 1121 3797 ὅτιτὸ
1144 3729 1199 3796 δεν
1221 3727 1378 3817 παρέλκε-

215 3859 284 3903 ται·
307 3833 376 3904 tta
391 3837 452 3924 γὰρ
468 3834 520 3906 ὅτι
533 3836 591 3905 τὸν
606 3833 741 3925 δι’ριστον
755 3843 819 3905 τῶν
832 3833 974 3922 Ἀχαιῶν
989 3834 1048 3906 ούκ
1067 3834 1181 3907 ἔτισεν.
1209 3839 1257 3906 Et
1269 3839 1303 3905 Ω
1315 3842 1376 3907 370.

688 4046 918 4056 -----...-..

134 4186 204 4262 (³23)
298 4172 387 4240 Haec
407 4171 462 4260 qui
477 4176 725 4241 consideraverit
745 4177 939 4258 testimonia,
960 4173 1111 4242 facillime
1131 4173 1314 4260 perspiciet,
1331 4167 1376 4237 eui

215 4282 261 4347 rei
283 4283 470 4349 Aristarcho
497 4283 545 4348 illi
566 4284 697 4368 spiritus
718 4285 752 4349 in
778 4285 891 4352 mediis
911 4284 1076 4350 vocabulis
1097 4282 1274 4348 servierint
1313 4278 1374 4348 Sei-

215 4389 291 4457 licet
310 4391 337 4457 si
361 4391 400 4456 de
414 4389 518 4458 ‘verbo
541 4392 648 4477 aliquo
669 4391 722 4457 vel
743 4392 798 4459 olii
820 4394 1044 4460 dubitaverant
1063 4391 1114 4458 vol
1126 4389 1303 4465 ,videbatur
1322 4387 1374 4453 du·
