3008 4980
227 308 285 370 178
347 384 351 389 .
409 302 455 356 m
479 301 521 357 De
537 302 692 359 Aristarchi
707 302 826 361 seientia
841 301 1018 373 eniithhis
1033 300 1209 357 Homericae.

140 469 316 540 (152)rersu
341 469 514 538 Homerico
543 473 573 536 0
600 480 669 541 110.
702 472 776 539 vid.
801 473 844 539 ad
869 472 903 537 h.
927 472 947 538 l.
972 475 1006 537 et
1030 471 1063 534 A
1086 476 1158 539 439.
1200 472 1237 531 Ν
1261 472 1332 536 299.
1351 504 1387 515 -

153 2686 200 2736 180

134 4125 204 4195 (iss)

222 577 252 638 E
270 581 331 644 842
352 579 505 658 nolabile,
527 580 615 665 quod
636 603 711 647 eum
730 580 880 647 homines
900 579 1092 664 spoliantem
1111 576 1247 645 inducit.

720 914 882 982 Athene.

306 1063 405 1131 3875
427 1054 459 1149 (ἡ
478 1060 597 1150 διπλῆ)
618 1058 672 1128 ότι
693 1058 849 1153 ἐμφαίνει
870 1057 917 1141 ὡς
937 1058 974 1128 ἐκ
993 1055 1099 1145 μόνον
1119 1060 1181 1125 τοῦ
1193 1055 1282 1137 Διὸς
1300 1079 1382 1142 γενο-

218 1163 319 1255 μένης
347 1172 407 1256 τῆς
428 1162 586 1256 Ἀθηνᾶς.
632 1170 656 1238 I.
684 1195 711 1238 e.
739 1171 794 1237 hio
822 1173 913 1239 locus
943 1170 1083 1256 speciem
1112 1168 1263 1254 praebet,
1297 1166 1381 1252 quasi

219 1275 380 1342 Homerus
395 1301 434 1345 ex
448 1279 517 1344 solo
532 1278 608 1345 lore
623 1283 733 1344 natam
745 1279 923 1346 Minervam
937 1277 1135 1364 cognoverit.
1156 1314 1197 1324 -
1220 1273 1256 1342 Si
1278 1295 1319 1340 ex
1336 1272 1380 1340 his

219 1386 330 1467 paucis
351 1386 456 1452 verbis
478 1386 697 1473 colligendum
719 1390 777 1468 est,
797 1387 923 1453 videtur
935 1385 1141 1454 Aristarchus
1161 1383 1245 1449 nihil
1267 1384 1308 1450 de
1327 1383 1381 1449 hac

219 1514 253 1557 rs
275 1494 354 1560 corbi
376 1497 540 1574 sorbuisse,
566 1497 622 1562 sed
644 1497 685 1562 ad
705 1495 900 1561 contrariam
924 1494 1033 1581 polius
1060 1496 1186 1579 partem
1206 1492 1381 1559 inclineme.

220 1598 314 1677 Quod
340 1602 368 1666 si
395 1603 542 1670 scholion
564 1604 642 1687 (BL)
664 1603 705 1669 ed
725 1604 756 1667 Ε
774 1609 836 1674 880
855 1602 1098 1669 muraneum
1119 1603 1183 1678 est,
1210 1598 1382 1685 praefracto

219 1710 359 1794 negavit.
404 1710 476 1776 Hoc
497 1712 644 1777 scholion
666 1714 727 1778 est:
759 1713 857 1775 τοῦτο
886 1704 1030 1775 δέδωκεν
1055 1700 1214 1796 ἀφορμὴν
1236 1700 1382 1793 Ἡσιόδῳ

217 1811 255 1878 τὸ
278 1808 378 1893 αὐτὸς
398 1809 472 1883 ἀντὶ
497 1825 555 1883 τοῦ
581 1812 684 1902 μόνος
711 1816 841 1904 λαβεῖν,
871 1813 957 1903 ὅπερ
981 1811 1000 1884 ό
1025 1810 1169 1903 ποιητὴς
1195 1805 1259 1881 οὐκ
1285 1800 1381 1891 οἶδεν,

218 1913 306 1986 ἀλλὰ
319 1918 408 2007 λέγει
430 1917 535 2002 ἀνιεῖς
556 1918 667 2015 αόιήν,
692 1921 766 1991 ἐπεὶ
787 1923 845 1991 καὶ
864 1922 903 1991 oi>
926 1917 1066 2013 ἀΐδηλον
1088 1916 1192 2011 αὐτὴν
1213 1916 1385 2008 ἐγέννησας

216 2021 294 2114 ἤτοι
315 2026 497 2120 ἓπιβλαβῆ.
540 2034 613 2100 Ηοο
637 2034 880 2101 Aristarcheum
906 2056 976 2100 esse
1001 2033 1136 2099 inclinat
1163 2018 1305 2111 animus,
1331 2027 1385 2097 sed

217 2140 423 2206 statuendum
438 2142 478 2207 ab
494 2143 706 2228 epitomalore
726 2142 809 2209 falso
829 2142 976 2221 relatum,
999 2140 1087 2227 quod
1108 2138 1186 2205 dicit
1206 2130 1310 2216 αόκός
1327 2158 1384 2224 pro

215 2237 319 2326 μόνος
336 2248 479 2316 Homero
501 2272 568 2316 non
589 2255 704 2318 notum
727 2272 809 2317 esse:
829 2251 864 2317 id
877 2249 1119 2316 Aristarcheum
1139 2269 1206 2313 non
1228 2249 1293 2324 est3
1311 2266 1384 2312 ocn-

217 2355 351 2420 trarium
383 2358 411 2422 is
443 2359 667 2427 observaverat
695 2361 733 2442 (v.
764 2359 794 2423 Θ
820 2361 882 2441 09).
929 2356 1114 2423 Certissima
1142 2354 1177 2420 in
1203 2352 1385 2420 Homericis

217 2464 411 2530 carminibus
437 2467 573 2552 vestigia
600 2490 681 2546 esse,
707 2465 850 2532 fabulam
877 2466 916 2530 de
942 2463 1088 2529 Minerva
1111 2460 1182 2528 solo
1202 2460 1280 2527 Ioue
1310 2463 1386 2527 nelo

216 2575 331 2654 poetae
351 2577 463 2640 notam
483 2575 596 2656 fuisse,
621 2597 717 2642 nemo
738 2574 807 2640 iure
828 2572 957 2653 dixerit,
981 2593 1041 2637 nee
1065 2572 1199 2657 propter
1224 2591 1276 2651 ea,
1304 2588 1385 2655 quae

218 2678 286 2764 ipse
301 2681 420 2762 attulit,
435 2683 538 2749 dicere
554 2684 692 2750 debebat
704 2682 868 2748 Hefiberus
884 2679 1047 2749 Goebherd.
1062 2676 1121 2745 auf
1129 2675 1234 2743 Rhea
1247 2675 1325 2765 Hp.
1338 2680 1386 2745 00.

216 2824 257 2833 -
275 2779 535 2877 Ἀλαλκομενηὶς
551 2782 682 2877 Ἀθήνη
705 2791 797 2857 duxit
816 2791 871 2855 Ar.
894 2787 935 2855 ab
958 2779 1130 2865 ἀλαλκεῖν,
1155 2784 1244 2871 quod
1264 2783 1385 2851 refute-

216 2899 285 2960 bum
307 2898 450 2966 invenies
471 2900 512 2964 ab
535 2897 646 2986 steph.
667 2898 743 2985 Byr.
766 2920 790 2963 s
809 2889 1079 2979 Ἀλαλκομένιον.

591 3200 734 3266 Abreus
755 3203 788 3265 et
809 3198 1008 3284 Thyestes.

298 3347 420 3413 Horum
442 3349 480 3413 de
503 3349 661 3414 discordia
680 3350 795 3434 ignota
816 3348 959 3414 Homero
980 3347 1097 3414 fabula.
1131 3347 1252 3413 3107.
1340 3440 1343 3445 Ι

659 3649 932 3734 Bellerophon.

299 3796 453 3862 Fabulam
475 3798 514 3864 de
535 3798 661 3886 Pegaso
683 3822 748 3866 non
771 3801 870 3866 novit.
907 3802 940 3862 Z
960 3802 1028 3866 183.
1053 3803 1120 3865 191.

704 4102 896 4179 Briareos,

216 4242 444 4334 ἑκατόγχειρας
458 4255 507 4316 esi
521 4252 577 4336 qui
599 4255 728 4317 centum
750 4272 864 4317 manus
885 4251 985 4317 habeb
1005 4250 1093 4334 (nou,
1115 4251 1152 4314 ut
1174 4246 1306 4332 quidam
1324 4266 1382 4311 vo-

215 4358 296 4437 lunt„
311 4358 400 4426 cuius
416 4358 585 4443 longitudo
597 4363 727 4424 contum
741 4359 924 4424 cubilorum
939 4359 1009 4441 est).
1031 4354 1183 4440 Apollon.
1197 4355 1258 4421 lex.
1270 4376 1302 4439 p.
1312 4358 1383 4435 310,
