3008 4980
448 341 471 390 3.
498 333 571 398 ἰθύς.
593 335 706 403 μέλεον.
729 334 861 404 γράφειν.
884 324 909 404 ἦ.
1228 343 1268 403 95

103 497 222 587 ἀτυχῆ,
253 494 271 566 ὃ
302 498 339 564 δέ
353 496 501 588 (Όμηρος
527 494 598 566 ἄντί
624 505 683 565 τοῦ
709 495 868 583 ματαίως.
909 500 992 566 Item
1017 503 1050 564 Ψ
1069 508 1139 568 795.
1161 500 1268 583 (ow

103 609 145 674 ad
167 609 198 672 Ω
220 616 280 676 409
300 604 465 689 μελεϊστίι
491 605 577 686 τινὲς
596 602 742 692 οἰκτρῶς,
768 601 828 672 οὐκ
849 599 897 672 εί·
924 604 1044 690 μέλεον
1065 605 1127 689 γὰρ
1149 601 1167 672 ὃ
1190 631 1269 672 ποι-

103 713 182 801 ητὴς
201 715 239 783 τὸ
260 708 406 797 μάταιόν
427 738 536 803 φησιν.
572 711 658 782 ἔστιν
681 708 738 782 οὖν
760 710 833 781 ἀντί
853 723 910 780 τοῦ
931 713 1015 780 κατὰ
1036 710 1160 798 μέλος.)

574 890 802 898 -.—---....—--

597 1042 772 1134 ,Γράφειν
1287 1066 1318 1115 95

406 1222 468 1263 κοκ
489 1213 535 1262 est
554 1199 696 1275 seribere,
718 1199 775 1264 scd
793 1199 814 1262 ι’.
836 1223 863 1282 q.
884 1194 977 1276 ξέειν.

188 1367 220 1426 Ζ
240 1369 298 1430 169
319 1364 353 1427 in
374 1363 483 1428 Proeci
505 1362 636 1427 tabella:
662 1357 693 1450 (ἡ
715 1360 831 1448 διπλῆ)
857 1357 910 1427 ὅτι
938 1356 1082 1447 ἔμφασίς
1109 1358 1178 1426 έστι
1202 1363 1271 1438 τοῖς
1283 1363 1352 1434 (104)

106 1471 182 1556 (τοῦ
205 1492 282 1535 corr.
306 1469 547 1554 Fn'cdlacnder>
567 1473 625 1558 τῆς
646 1465 766 1548 λέξεως
786 1463 956 1551 γράμμασι
975 1471 1136 1557 χρῆσθαι·
1160 1462 1198 1535 οὗ
1223 1468 1274 1532 δεῖ

107 1573 145 1640 δὲ
165 1580 262 1641 τοῦτο
279 1572 453 1662 δέξασθαι,
474 1569 543 1641 ἀλλ’
566 1571 636 1642 ἔστι
657 1571 787 1666 γράψαι
809 1573 846 1641 τὸ
869 1572 972 1655 ξέσαι.
1009 1564 1081 1641 οἷον
1103 1565 1160 1641 οὖν
1182 1571 1272 1660 ἔγχα-

106 1679 209 1768 ροίξας
233 1677 357 1748 εἴδωλα
384 1677 426 1748 δι’
450 1671 496 1749 ὧν
517 1679 587 1748 ἔδει
608 1687 731 1768 γνῶναι
755 1681 814 1749 τὸν
834 1681 1001 1764 πενθερὸν
1030 1686 1089 1748 τοῦ
1114 1677 1271 1768 Προίτου.

105 1795 146 1854 Η
160 1792 396 1858 1751οοοἰλεια
416 1793 594 1873 noiishimc
618 1816 681 1877 quo
705 1796 807 1858 :orces
830 1793 951 1857 ducunt
971 1791 1131 1876 principes
1152 1790 1273 1877 κλῆρον

106 1895 326 1986 ε’σημήναντοε
348 1889 379 1984 (ἡ
398 1897 548 1987 ὄιπλῆ)“
529 1923 581 1966 οτι
595 1894 746 1987 σημείοις
757 1923 908 1986 χρωνται,
926 1891 963 1964 οὐ
980 1892 1158 1982 γράμμασι.
1190 1897 1274 1962 Tum

105 2031 135 2074 v.
165 2013 222 2075 187
252 2005 373 2090 κλῆρον
407 2001 616 2096 έπιμροίψαςτ
650 2001 682 2092 (η
716 2006 834 2091 διπλῆ)
865 2003 917 2072 ὅτι
951 1998 989 2070 οὗ
1023 2002 1192 2091 γράμμασι
1217 2007 1274 2091 τῆς

106 2111 238 2193 λέξεως,
265 2105 337 2176 ἀλλ
362 2108 541 2197 ἐγχαράξας
565 2118 697 2200 σημεῖα·
731 2108 762 2178 εί
789 2113 850 2199 γὰρ
877 2115 1042 2201 κοινῶςν
1026 2106 1148 2202 η’δεσαν
1169 2133 1274 2197 γραμ-

105 2244 212 2304 ματα,
236 2214 306 2285 ἔδει
326 2219 381 2286 τὸν
401 2216 528 2307 κη’ρυκα
549 2215 736 2306 αναγνῶναι
757 2220 910 2298 καὶτοὺς
931 2209 1109 2298 αλλσυς
1074 2242 1126 2296 οις
1147 2216 1275 2284 ἐπεδεί-

106 2351 204 2394 κνυτο
227 2321 246 2394 ὃ
270 2327 399 2417 κλῆρος.

668 2652 716 2725 Ἦ

221 2811 241 2874 ι’.
264 2836 287 2875 α.
309 2810 401 2888 dccci,
417 2815 550 2896 ponitur
569 2827 691 2878 tactwm
706 2826 781 2898 post
801 2814 971 2876 οναίιοιιαιιι
985 2827 1157 2896 peractam.

191 2975 230 3040 [n
256 2976 378 3042 scholio
408 2978 442 3039 A
468 2982 544 3057 219,
576 2979 655 3043 item
677 2979 712 3042 in
737 2976 963 3062 Etymologico
988 2977 1032 3042 M.
1062 2978 1154 3062 (414,
1182 2986 1221 3045 52
1243 2983 1277 3044 ελ

109 3085 228 3168 partim
248 3082 397 3167 Apollon.
418 3083 478 3148 lex.
500 3083 541 3150 H.
565 3090 612 3163 81,
634 3092 673 3152 27
695 3084 781 3170 Be.>:
813 3086 909 3149 τοῦτο
937 3081 975 3150 τὸ
1002 3074 1026 3169 ἦ
1052 3083 1162 3172 ψιλῶς
1182 3079 1277 3167 λεγό-

108 3212 208 3271 μενον
228 3187 286 3253 καί
304 3187 566 3276 περισπωμένως
585 3190 683 3278 δηλοῖ
703 3243 710 3257 .
733 3241 741 3256 .
763 3243 771 3258 .
792 3238 800 3254 .
823 3188 921 3276 δηλοῖ
941 3187 978 3255 δὲ
998 3187 1055 3256 καί
1075 3188 1113 3257 τὸ
1135 3186 1212 3280 ἔφη·
1234 3182 1278 3278 „vi

109 3294 166 3363 καὶ
192 3293 390 3384 κυανέησινιι
415 3300 467 3382 (Α
486 3303 570 3382 528).
608 3295 673 3392 καὶ
698 3290 918 3385 σεσημείωται
935 3290 1148 3384 ’Λρίσταρχος
1177 3294 1229 3363 ὅτι
1257 3293 1276 3364 ὁ

108 3400 169 3487 μέν
183 3400 332 3490 Ὅμηρος
357 3397 410 3469 ἀεὶ
431 3401 489 3471 ἐπὶ
510 3401 765 3492 προειρημένοις
784 3398 900 3489 λόγοις
921 3400 1078 3493 ἐπιφέρει
1096 3404 1134 3470 τὸ
1158 3405 1279 3491 δηλοῦν

108 3508 146 3576 τὸ
170 3505 251 3599 ἔφη,
284 3503 330 3589 ὥς
362 3507 419 3577 ἐπὶ
447 3516 505 3579 τοῦ
530 3509 768 3597 προκειμένου,
804 3507 822 3577 ὁ
852 3509 888 3576 δὲ
908 3505 1054 3577 Πλάτων
1077 3506 1145 3597 μετ’
1180 3505 1279 3577 αὐτὸν

109 3613 265 3706 ἐπιφέρει
278 3616 336 3686 τὸν
357 3613 465 3704 λόγον.
500 3619 590 3686 Idem
604 3622 644 3686 dc
657 3620 844 3686 Aristarcho
859 3619 1014 3685 traditum
1028 3622 1114 3707 apud
1126 3621 1279 3686 Photium

110 3731 144 3791 ct
171 3726 302 3792 Suidcm
328 3716 396 3813 ιῆ
427 3719 456 3791 δ’
487 3724 531 3803 ὅς.
581 3728 778 3794 Observandi
809 3727 1010 3793 occasionem
1041 3728 1171 3794 dederat
1199 3729 1280 3793 falsa

109 3834 207 3899 lectio
230 3833 388 3900 Zenodoti
414 3838 442 3897 Y
463 3843 521 3904 114
543 3857 625 3919 quac
646 3835 752 3901 fuerat

275 3931 299 4026 ἦ
321 3933 353 4004 δ’
378 3933 499 4022 ίίμυδις
520 3939 688 4007 καλέσασα
710 3939 813 4019 θεοὺς
833 3942 906 4028 ῥεῖα
929 3936 1084 4020 ζώοντας·

278 4040 474 4136 φράζεσθον
496 4089 536 4100 -
557 4089 597 4098 -

134 4176 170 4219 ro

111 4178 132 4239 p
192 4255 214 4346 ἦ
238 4253 273 4325 δ’
298 4254 420 4343 ίίμυδις
440 4256 608 4327 καλέσασα
635 4263 698 4345 (vel
719 4264 827 4347 potius
849 4261 995 4350 στήσασα
1018 4268 1054 4328 ui
1074 4262 1279 4329 An'stcrchus

525 4391 597 4434 cum
619 4369 777 4454 plurimis)
800 4368 903 4448 θεοὺς
922 4368 1006 4454 μετὰ
1027 4373 1139 4452 μῦθον
1161 4365 1280 4434 ἔειπεν.
