3008 4980
499 332 522 384 2.
545 326 587 382 De
605 326 799 382 constituenda
816 327 944 385 lectione.
1244 341 1304 403 357

134 497 321 562 Zenodotus
343 489 534 574 τιτίζοντας.
569 494 748 562 iudicatum
770 498 810 562 ab
831 499 1031 565 Aristarcho:
1058 494 1137 577 ,,ὅτι
1158 495 1307 588 Ζηνόδο·

132 626 191 681 τος
217 596 340 690 γράφει
363 598 556 682 τιτίζοντας·
589 596 720 690 εὐτελής
742 600 778 669 δὲ
798 600 818 691 ή
841 601 941 685 λέξις·
970 604 1069 672 κατὰ
1092 600 1211 696 φύσιν
1233 604 1304 694 γὰρ
1318 612 1388 683 (379)

134 709 404 800 φθεγγόμενοι
431 705 468 776 οἱ
496 708 655 777 νεοσσοὶ
678 705 912 793 τιτίζουσιν,
949 708 986 780 οἱ
1019 710 1060 780 δέ
1090 710 1307 782 κατεσθιό-

131 843 247 902 μενοι
267 814 507 904 τρύζοοσινίί.
534 822 555 882 Ι
574 825 613 887 36

555 929 658 992 ταῦτα
681 924 718 992 δέ
738 921 849 993 πάντα

220 1027 308 1099 ῦσαδ
329 1028 487 1121 Ἀργείων
509 1027 592 1122 ήμέν
614 1029 684 1100 νέοι
704 1028 767 1121 ήδὲ
788 1032 954 1122 γέροντες·

134 1137 168 1230 (ἡ
186 1141 305 1229 διπλή)
321 1136 372 1207 ὅτι
387 1136 574 1228 Ζηνόδοτος
589 1135 712 1232 γράφει
733 1137 917 1234 ,,ήγήτορες
929 1139 991 1231 ήδέ
1011 1142 1201 1228 μέδοντεςίι.
1231 1142 1306 1230 βέλ-
1324 1156 1372 1208 363

132 1275 207 1317 τιον
227 1247 264 1315 δέ
282 1243 555 1334 καθολικώτερον
576 1248 781 1340 γεγράφθαι·
804 1248 1042 1319 καταλείπεται
1064 1251 1126 1341 γὰρ
1149 1250 1183 1320 έν
1205 1256 1309 1318 πᾶσιν

134 1354 155 1446 ἡ
181 1350 263 1438 δόξα
283 1350 433 1441 τάνδρός.
454 1396 493 1407 —-
517 1362 547 1423 B
569 1367 629 1427 412
650 1365 799 1445 precatur
817 1364 1036 1449 Agamemno:
1056 1371 1058 1376 '

220 1466 286 1530 Ζεῦ
308 1460 450 1546 κύδιστε,
475 1462 619 1551 μέγιστε,
642 1467 846 1559 κελαινεφές,
872 1464 988 1554 αἰθέρι
1009 1462 1120 1547 ναίων,

219 1571 266 1659 μή
289 1570 367 1655 πρὶν
388 1567 440 1639 ἐπ’
463 1568 580 1663 ήέλιον
602 1574 699 1640 δῦναι
719 1575 776 1642 καὶ
798 1573 856 1644 ἐπὶ
878 1574 1003 1665 κνέφας
1024 1572 1148 1655 έλθεῖν,

202 1675 297 1766 πρίν
317 1704 359 1765 με
380 1678 465 1746 κατὰ
487 1679 606 1770 πρηνὲς
626 1680 761 1768 βαλέειν
781 1681 954 1772 Πριάμοιο
976 1680 1159 1769 μέλαθρον.

135 1792 200 1857 Pro
215 1791 319 1877 primo
334 1813 427 1856 versu
442 1791 495 1856 alii
509 1794 576 1856 Ζεῦ
590 1787 694 1878 πάτερ
705 1785 843 1880 ’Ίδηθεν
862 1790 991 1878 μεδέων
1012 1787 1143 1857 κύδιστε
1163 1787 1307 1877 μέγιστε.

134 1895 217 1980 ,,ὅτι
237 1893 272 1964 έν
289 1918 357 1963 τισι
379 1893 563 1983 γέγραπται
583 1903 650 1964 Ζεῦ
671 1895 775 1986 πάτερ
788 1894 926 1988 Ἴδηθεν
947 1895 1083 1983 μεδέων.
1120 1892 1180 1980 οὐχ
1202 1892 1308 1983 ἁρμό-

137 2006 187 2088 ζει
215 2003 251 2073 ca*
276 2003 334 2073 τὸν
363 2000 519 2092 έγχούριον
539 2001 609 2072 Δία
636 2008 907 2095 προσκαλεῖσθαι
932 2006 989 2075 έπὶ
1014 2011 1074 2095 τής
1095 2001 1305 2095 πορθήσεως,

135 2109 225 2181 ἀλλὰ
246 2110 378 2198 βέλτιον
400 2111 627 2199 κοινοτέρανέί.
652 2156 688 2164 -
711 2121 750 2183 Α
771 2123 832 2186 204
852 2118 995 2184 Achilles
1017 2119 1057 2184 ad
1078 2117 1268 2184 Minervam:

220 2215 291 2287 ἀλλ’
315 2217 352 2288 έκ
371 2245 425 2288 τοι
448 2218 539 2309 έρέω,
563 2221 601 2291 τὸ
626 2221 662 2289 δέ
682 2222 740 2290 καὶ
760 2221 940 2290 τελέεσθαι
962 2218 1034 2303 δέω,

137 2335 249 2398 contra
269 2330 413 2396 Minerva
435 2337 495 2398 212

220 2426 286 2503 ὧδε
307 2435 369 2525 γὰρ
391 2433 518 2523 ἐξερέω,
542 2435 580 2505 τὸ
604 2436 641 2505 δέ
661 2438 718 2507 καὶ
737 2437 967 2525 τετελεσμένον
987 2435 1088 2506 ἔσται.

137 2547 255 2614 Zenod.
282 2549 394 2612 contra
420 2547 486 2612 illic
513 2545 742 2632 τετελεσμένον
768 2545 874 2629 ἔσται,
905 2551 958 2615 hic
982 2543 1159 2613 τελέεσθαι
1186 2549 1249 2632 (vol
1271 2554 1310 2615 ut

135 2656 192 2722 illo
215 2655 342 2738 scripsit
355 2649 564 2741 τετελέσθαι)
587 2649 659 2723 ὀΐω.
704 2657 768 2724 Sed
790 2660 853 2747 ,,τή
869 2650 1001 2745 Ἀθηνᾷ
1021 2651 1160 2739 ἁρμόζει
1181 2654 1308 2739 μᾶλλον

137 2764 387 2847 διαβεβαιοῦνίέ.
410 2801 450 2810 -
471 2766 502 2827 B
522 2772 582 2833 447
947 2759 1078 2852 Ἀθήνη

220 2861 324 2955 αἰγίδ’
348 2863 452 2951 έγοοῦ
477 2867 638 2957 ἐρίτιμον,
664 2867 812 2961 ἀγήραον
834 2867 1008 2960 ἀθανάτην
1028 2891 1077 2936 τε·

218 2981 278 3065 τῆς
299 2973 416 3044 ἑκατὸν
438 2973 584 3047 θύσανοι
605 2977 807 3068 παγχρύσεοι
826 2975 1038 3068 ήερέθονται.

139 3088 294 3153 Zenodot.
324 3077 518 3173 ήερέθοντο.
561 3088 775 3178 ,,Ζηνόδοτος
804 3084 927 3179 γράφει
952 3091 1187 3176 παρατατικιῦς
1213 3081 1309 3176 ήερέ-

139 3199 261 3271 θοντο,
294 3188 377 3278 ὅπερ
408 3187 467 3277 ούχ
496 3190 633 3281 ἁρμόζει
666 3195 723 3264 ἐπὶ
751 3192 965 3266 ἀθανάτωνέῑ.
1013 3197 1078 3265 Sed
1112 3199 1163 3263 his
1194 3197 1309 3263 similia

139 3302 299 3389 permulta
334 3307 422 3368 sunt:
464 3328 530 3371 nou
566 3311 652 3373 certa
687 3308 853 3394 pleraque,
889 3330 948 3373 nec
983 3307 1044 3371 hoc
1079 3305 1204 3387 putavit
1235 3305 1309 3369 Ari-

140 3409 302 3490 starchus,
333 3410 389 3475 sed
416 3411 451 3476 in
480 3414 628 3481 lectionis
657 3415 881 3501 discrepantia,
912 3415 1043 3481 cumin
1072 3413 1309 3479 alteramutram

138 3520 265 3603 partem
300 3523 500 3586 momentum
536 3522 721 3607 quaeratur,
757 3523 950 3608 elegantiam
984 3521 1126 3608 produnt
1160 3543 1197 3586 ac
1233 3521 1309 3586 sub-

139 3626 300 3693 tilitatcm.

223 3734 356 3802 Minime
380 3738 483 3803 audax
504 3740 723 3818 Aristarchum
759 3740 824 3804 imo
851 3739 930 3805 mihi
958 3743 1081 3805 certum
1108 3743 1157 3804 est
1183 3738 1311 3822 siquid

140 3847 347 3914 Aristarchus
360 3847 506 3934 peccavit
525 3848 559 3913 in
582 3838 785 3915 contrarium
797 3870 958 3934 peccasse:
980 3871 1055 3913 nam
1078 3848 1104 3912 si
1125 3850 1228 3912 totam
1249 3846 1310 3911 ho·

140 3957 237 4022 minis
252 3955 466 4022 subtilitatem
479 3958 648 4042 perspicio,
669 3956 783 4042 opinor
805 3980 906 4022 unum
928 3960 961 4021 et
981 3956 1117 4021 altemm
1138 3977 1204 4020 non
1225 3953 1310 4019 latu-

139 4088 211 4132 rum
238 4064 337 4130 fuisse
369 4066 403 4130 in
431 4063 573 4130 Homero
597 4069 634 4130 ut
659 4065 799 4130 alienum
825 4064 865 4129 ab
892 4064 960 4129 eius
990 4063 1222 4130 consuetudine
1249 4061 1311 4127 nisi

140 4174 298 4260 quaedam
319 4172 434 4258 religio
458 4172 646 4238 obstitisset.
682 4171 765 4238 Sunt
788 4172 963 4238 etiamnum
984 4174 1017 4237 in
1040 4171 1219 4238 Homericis
1241 4191 1309 4234 oar-

139 4282 290 4359 minibus,
314 4281 400 4365 quod
423 4301 484 4366 ego
506 4280 642 4345 fidenter
660 4281 849 4365 pronunti0‚
871 4280 996 4366 aliquot
1016 4281 1079 4347 loci
1102 4280 1157 4364 qui
1178 4300 1308 4343 sensum

140 4412 205 4455 non
220 4389 355 4456 habent:
377 4411 458 4473 quos
473 4392 558 4454 certe
576 4388 617 4453 ab
632 4387 817 4454 Aristarcho
835 4388 1034 4472 improbatos
1056 4407 1121 4451 non
1142 4385 1306 4450 traditum.
