3008 4980
211 300 252 361 22
472 295 494 351 1.
523 293 565 348 De
581 293 705 349 fontibus
723 292 867 349 doctrinae
884 294 1084 350 Aristarcheae.

147 464 356 540 (25)meres“⁴
388 466 421 527 et
446 462 603 546 Didymus
632 467 702 527 turn
735 463 798 529 hoc
827 465 900 528 loco
931 465 1049 547 scripta
1079 465 1224 548 loquitur
1255 470 1383 550 praeter

212 570 467 648 commentarios,
490 575 560 635 tum
575 569 652 634 alibi
666 570 745 653 ipsis
760 572 877 636 additis
898 571 1002 636 titulis
1023 572 1116 657 plura
1138 577 1384 638 commemorat:

210 677 299 761 πρός
324 677 473 764 Φιλητᾶν
493 678 524 742 h.
545 677 566 740 l.
595 680 627 742 et
648 684 686 741 A
709 685 778 746 524.
810 676 896 763 πρὸς
913 671 1111 760 Κομανόνί·
1132 684 1170 742 Α
1192 688 1240 748 97.
1262 683 1292 743 Β
1314 686 1383 748 798.

212 787 243 850 Ω
267 793 334 854 110.
361 782 447 869 πρὸς
466 782 504 849 τὸ
527 780 680 862 Ξένωυος
700 779 893 868 παράδοξον
915 789 1042 853 111435.
1069 785 1147 870 περὶ
1164 780 1305 864 Ἰλιάδος
1326 785 1386 852 καί

209 887 403 970 Ὀδυσσείας
423 898 444 957 Ι
462 899 522 960 349
532 895 552 957 ⁵.
574 892 719 970 Quorum
740 893 880 958 Wolfius
901 897 971 958 tum
992 916 1059 959 non
1080 896 1278 960 meminerat.

293 1079 313 1157 ξ
335 1083 363 1142 4.
400 1073 465 1141 Sed
492 1074 569 1157 quid
594 1074 674 1138 illud
699 1077 749 1138 est
776 1074 863 1157 quod
888 1074 989 1140 libros
1018 1098 1115 1159 quarn
1136 1080 1384 1145 commentarios

164 1189 197 1238 22
212 1183 289 1247 dicit
302 1183 364 1247 fide
381 1181 543 1268 digniores
559 1184 651 1245 esse?
674 1179 803 1245 Scilicet
819 1182 906 1265 quod
926 1183 1012 1247 inter
1033 1185 1279 1250 commentarios
1300 1186 1384 1252 fere-

212 1291 329 1354 bantur
349 1289 455 1353 minus
478 1287 639 1352 elaborati.
676 1286 795 1352 Narrat
816 1288 957 1354 Galenus
979 1290 1088 1374 (praef.
1110 1292 1151 1355 ad
1168 1291 1321 1376 Hippocr.
1344 1295 1384 1360 de

211 1400 275 1460 nat.
290 1396 396 1478 hom),
418 1417 452 1460 se
474 1395 554 1460 olim
573 1396 608 1458 in
630 1395 798 1460 sectatoris
820 1397 985 1461 cuiusdam
1007 1419 1101 1461 usum
1119 1389 1385 1466 commentarium

210 1503 245 1567 in
259 1502 466 1586 Hippocratis
483 1502 604 1568 libmm
626 1503 665 1567 de
688 1498 853 1568 elementis
875 1505 1118 1588 conscripsisse:
1140 1507 1197 1590 qui
1219 1528 1383 1572 commen-

210 1610 311 1674 tarius
337 1611 377 1675 ad
402 1610 490 1674 illius
517 1613 646 1694 captum
675 1608 857 1675 elaboratus
883 1616 981 1676 essct:
1013 1634 1089 1676 mox
1117 1635 1151 1677 se
1172 1614 1274 1679 invito
1296 1614 1384 1681 hunc

211 1718 475 1783 commentarium
489 1716 524 1780 in
541 1715 718 1781 multorum
731 1739 845 1781 manus
859 1718 993 1784 venisse.
1031 1720 1139 1804 Atque
1154 1721 1240 1785 idem
1255 1722 1383 1806 saepius

211 1848 277 1890 ase
292 1825 412 1889 factum
434 1846 502 1889 esse
517 1827 625 1888 narrat
644 1819 722 1902 περὶ
740 1816 780 1887 id.
795 1823 883 1907 βιβλ.
903 1847 1044 1909 prooem.
1061 1828 1109 1892 ed.
1124 1827 1198 1893 Bas.
1212 1827 1261 1893 IV
1274 1852 1305 1912 p.
1322 1834 1381 1896 361

210 1929 295 2013 (XIX
315 1954 345 2015 p.
374 1939 411 2000 10
442 1932 489 1999 ed.
516 1931 636 2013 Ruhn.)
665 1924 780 2016 φίλοις
809 1923 829 2018 ἢ
859 1934 1031 2017 μαθηταῖς
1061 1928 1193 1999 ἐδίδοτο
1225 1933 1278 2018 (τὰ
1305 1932 1382 2020 ἐμὰ)

207 2035 307 2122 χωρίς
321 2034 520 2126 ἐπιγραφῆς,
541 2032 586 2114 ὡς
601 2031 642 2101 δν
658 2030 737 2102 οὐδὲ
750 2035 836 2121 πρὸς
850 2033 991 2116 ἔκδοσιν,
1017 2032 1090 2103 ἀλλ’
1108 2034 1221 2119 αὐτοῖς
1242 2038 1384 2121 ἐκείνοις

210 2140 369 2228 γεγονότα
386 2144 556 2232 δεηθεῖσιν
576 2133 621 2209 ὧν
643 2138 790 2234 ἥκουσαν
811 2140 896 2226 ἒχειν
910 2143 1141 2231 ὑπομνήματα.
1175 2148 1268 2215 Talia
1281 2151 1384 2235 igitur

211 2258 299 2333 sunt,
327 2276 409 2338 quae
429 2253 505 2318 Ath.
526 2252 575 2318 HI
594 2277 625 2337 p.
648 2254 710 2322 83b
735 2252 872 2334 σχολικὰ
899 2251 1124 2341 ὑπομνήματα
1152 2257 1237 2322 dicit.
1271 2250 1323 2320 Ἐν
1346 2255 1384 2322 δὲ

211 2356 313 2438 ἐνίοις
337 2364 403 2425 τῶν
429 2359 590 2439 σχολικῶν
616 2357 860 2449 ὑπομνημάτων
887 2365 949 2449 <sic
976 2388 1036 2430 em.
1057 2364 1192 2429 Ddbner
1218 2387 1276 2448 pro
1298 2358 1382 2430 διιο-

209 2459 359 2554 μνήμασι
371 2469 423 2534 vel
435 2461 675 2555 ὑπομνήματα)
684 2468 777 2535 ταυτί
791 2467 974 2553 γέγραπται
989 2513 1028 2522 —
1042 2472 1197 2537 habemus
1207 2472 1241 2536 in
1251 2473 1382 2538 scholiis

211 2576 460 2660 Aristophaneis
488 2578 528 2642 ad
548 2579 607 2642 Ar.
632 2584 719 2644 1242.
761 2577 863 2644 Immo
892 2602 958 2644 non
981 2580 1093 2644 dubito
1117 2580 1195 2664 quin
1216 2580 1302 2644 inter
1321 2581 1384 2645 hos

211 2684 420 2748 scholasticos
447 2685 695 2750 commentarios
721 2686 841 2752 fuerint
863 2688 918 2771 qui
945 2710 985 2752 ne
1008 2687 1140 2770 abipso
1163 2687 1292 2770 quidem
1312 2711 1382 2752 ma-

144 2923 197 2986 (25)
276 2922 289 2959 4
323 2918 376 2972 Res
394 2934 451 2971 non
468 2919 528 2971 tam
545 2918 652 2987 pendet
668 2934 686 2971 a
703 2936 776 2981 casu,
796 2918 844 2987 qui
860 2936 911 2989 pro
932 2918 1147 2974 constructionis
1164 2919 1268 2988 regulis
1286 2922 1314 2974 et
1331 2939 1382 2991 pro

212 3002 393 3058 collocatione
414 3001 563 3056 verborum
584 3000 676 3055 varius
698 3019 755 3056 esse
778 3001 889 3071 poterit,
913 3021 998 3072 quam
1015 3004 1051 3057 ab
1070 3023 1121 3058 usu
1140 3003 1270 3059 vocabuli
1285 3005 1382 3072 μόνος.

211 3086 283 3142 Plut.
296 3086 392 3154 Pomp.
405 3089 436 3138 72
456 3085 638 3156 στρατιώτας
656 3083 688 3140 a
705 3085 815 3151 μόνους
832 3082 1045 3157 ἑξακισχιλίους
1061 3090 1133 3156 φησί
1149 3092 1250 3143 πεσεῖν
1265 3079 1385 3153 Ἀσίνιος

210 3171 352 3232 Πολλίων,
369 3169 396 3223 h.
415 3186 437 3223 e.
455 3168 606 3224 sitantum
623 3170 725 3225 milites
742 3187 877 3236 numeres,
894 3188 951 3226 non
967 3170 1036 3226 lixas
1054 3189 1165 3241 quoque
1185 3175 1214 3227 et
1231 3173 1349 3227 calones.

281 3259 313 3296 4⁸
333 3253 441 3323 <Codex
456 3255 595 3320 κωμανόν
610 3254 698 3309 habet
715 3257 739 3308 A
759 3259 790 3308 97
809 3257 838 3309 et
854 3257 880 3309 B
898 3258 955 3320 798,
974 3259 1072 3311 contra
1088 3259 1221 3325 κομανόν
1242 3259 1271 3310 Ω
1289 3262 1337 3311 110
1355 3260 1385 3312 et

209 3340 339 3406 κάμακος
357 3341 385 3392 Ν
403 3338 472 3405 137.)

277 3423 290 3464 ⁵
327 3421 368 3476 Τὰ
384 3424 452 3491 περὶ
469 3427 522 3476 τοῦ
540 3410 729 3488 ναυστάθμου
751 3420 921 3491 (testimonia
937 3423 1011 3478 infra
1037 3424 1174 3496 invenies)
1196 3425 1243 3479 hic
1265 3428 1382 3496 propter

211 3507 278 3560 duas
296 3523 404 3560 caussas
422 3505 529 3561 omitto.
565 3505 720 3560 Meinekius
736 3505 812 3574 apud
825 3505 984 3561 Platorium
1000 3512 1070 3579 περὶ
1088 3513 1233 3580 διαφορᾶς
1242 3513 1384 3580 χαρακτή-

211 3609 272 3661 ρων
293 3590 322 3644 in
345 3590 436 3645 verbis
459 3591 604 3660 Κρατῖνος
627 3588 713 3659 ὁτῆς
733 3592 859 3654 παλαιᾶς
875 3595 1033 3666 κωμῳδίας
1049 3597 1170 3663 ποιητὴς
1187 3585 1240 3647 ἅτε
1257 3594 1292 3662 δὴ
1309 3592 1384 3647 κατὰ

210 3673 263 3738 τὰς
278 3666 440 3744 Ἀρχιλόχου
459 3676 591 3743 ζητήσεις
608 3667 750 3744 αὐστηρός
766 3671 822 3741 μὲν
838 3682 903 3740 ταῖς
920 3675 1078 3747 λοιδορίαις
1091 3677 1171 3733 ἐστίν
1183 3677 1284 3746 corrigi
1295 3676 1384 3731 voluit

209 3752 401 3826 Ἀριστάρχου,
420 3776 466 3826 qu.
484 3774 556 3811 scen.
575 3758 590 3810 I
607 3776 634 3826 p.
655 3762 694 3811 19.
730 3758 871 3828 Cogitavit
887 3760 964 3814 haud
982 3761 1066 3816 dubie
1089 3762 1124 3815 de
1141 3761 1212 3816 libro
1232 3762 1384 3816 Aristarchi

211 3843 249 3896 sic
270 3843 413 3913 inscripto.
453 3841 508 3896 Sed
529 3857 581 3895 nec
603 3840 738 3895 traditum
759 3846 787 3898 et
809 3846 955 3912 praeterea
976 3846 1066 3901 habeo
1090 3865 1140 3900 cur
1157 3846 1191 3900 de
1214 3846 1384 3901 eiusmodi

210 3927 282 3981 libro
300 3928 480 3981 vehementer
497 3926 630 3980 dubitem.
664 3925 822 3996 Proponam
839 3928 924 3983 aliam
943 3929 1139 3994 coniecturam,
1158 3947 1243 3999 quam
1260 3947 1325 3984 mox
1342 3929 1385 3983 vir

209 4010 401 4080 sagacissimus
422 4009 544 4080 expellet
565 4009 693 4065 meliore:
717 4006 770 4066 ἅτε
787 4017 821 4084 δὴ
840 4009 960 4087 ἰάμβους
981 4006 1144 4084 Ἀρχιλόχου
1163 4013 1303 4083 ζηλώσας.
1339 4013 1384 4069 Sic

210 4097 284 4148 certe
306 4098 363 4148 stat
387 4093 457 4148 illud
479 4087 532 4148 όίτε
554 4096 597 4163 δή.
636 4095 729 4149 Verba
754 4091 895 4167 αὐστηρός
921 4098 958 4153 ad
979 4099 1142 4166 λοιδορίαις
1166 4115 1203 4151 an
1233 4115 1298 4152 casu
1319 4116 1383 4151 ana-

208 4177 333 4248 paestica
351 4180 437 4232 sunt?
454 4211 488 4219 —
505 4178 702 4236 Nesciebamus
720 4181 788 4236 tunc
806 4181 1047 4236 Hemsterhusium
1065 4183 1095 4236 in
1111 4181 1187 4236 idem
1203 4182 1333 4237 incidisse
1351 4200 1384 4237 ac

208 4261 383 4332 proposuisse
405 4256 458 4318 ίίτε
480 4263 514 4332 δὴ
535 4263 643 4319 καὶτὰ
664 4256 827 4336 Ἀρχιλόχου
850 4259 988 4336 ζηλώσας.
1029 4265 1099 4320 Vide
1117 4283 1191 4322 nunc
1212 4266 1384 4321 Meinekium

209 4345 274 4404 hist.
292 4346 351 4402 crit.
372 4364 441 4403 com.
458 4366 487 4417 p.
507 4353 547 4412 53,
565 4347 611 4402 cui
627 4366 703 4404 nunc
721 4352 886 4420 καταχὴνας
901 4339 1064 4420 Ἀρχιλόχου
1083 4344 1215 4419 ζηλώσας
1230 4351 1330 4420 placet.
