3008 4980
215 331 275 393 228
397 323 444 381 ΠΙ.
467 323 509 380 De
526 321 681 379 Aristarchi
696 321 814 379 scientia
830 319 1007 392 antiquitatis
1023 317 1198 378 Homericae.

149 495 197 546 231
724 484 876 557 Ἠλεῖοι

214 626 337 690 incolae
350 624 454 692 Elidis
469 648 536 692 non
554 647 649 710 saepe
662 624 870 690 nominantur
885 625 925 690 ab
935 619 1087 707 Homero,
1102 623 1233 708 saepius
1244 615 1369 688 Ἐπειοί.

214 735 254 795 A
274 738 334 802 688
361 728 414 798 ὅτι
434 727 642 812 στιοινίως14511
662 727 817 810 Ἠλείους
843 730 949 798 καλεῖ.
990 733 1030 796 Λ
1050 737 1110 800 694
1134 725 1165 817 (ἡ
1191 727 1308 816 διειλη)
1328 724 1371 794 ὅτι

215 833 249 904 έν
262 861 331 905 τιοι
345 835 508 927 γράφεται
519 835 664 923 Ἀχαιοί·
684 838 763 918 τοὺς
784 835 821 904 δέ
831 831 985 916 Ἠλείους
994 832 1148 915 Ἐπειοὺς
1168 832 1370 923 καλεῖὍμη·

215 970 280 1032 ρος.
309 951 349 1014 Λ
366 955 426 1018 737
440 944 473 1037 (ἡ
492 949 610 1038 διπλῆ)
626 945 679 1017 ὅτι
692 945 778 1026 τινές
791 945 850 1014 καί
868 941 1010 1029 Ἀχαιῶν
1023 941 1223 1034 γράφουσιν·
1238 941 1372 1032 Ὅμηρος

216 1053 253 1121 δέ
276 1049 426 1136 Ἐπειοὺς
450 1055 528 1136 τοὺς
553 1052 709 1136 Ἠλείους
730 1052 827 1142 λέγει.
870 1063 930 1125 759
962 1050 994 1142 (ἡ
1018 1053 1136 1142 διπλῆ)
1164 1092 1204 1104 -
1231 1049 1284 1122 ὅτι
1307 1050 1373 1130 τοὺς

214 1159 364 1243 Πυλίους
381 1159 536 1248 Ἀχαιοὺς
559 1163 649 1252 λέγει
670 1168 740 1246 νῦν,
762 1162 841 1242 τοὺς
862 1160 899 1230 δέ
919 1158 1072 1241 Ἠλείους
1088 1155 1254 1242 Ἐπειοίς.
1275 1203 1315 1235 ,-
1333 1161 1373 1227 De

214 1273 312 1360 Hpeis
334 1279 499 1360 praeterea
520 1274 629 1362 Steph.
651 1276 689 1341 B.
711 1299 737 1343 s.
758 1265 955 1353 Δουλίχιον·
977 1268 1128 1358 ἐλέγοντο
1152 1268 1210 1338 καί
1233 1265 1265 1337 oi
1286 1264 1374 1354 ἓντῷ

214 1377 383 1470 Δουλιχίῳ
401 1377 540 1463 Ἐπειοί,
564 1378 609 1461 ὡς
619 1376 867 1472 Ἐπαφρόδιτος
883 1378 1085 1469 παρατιθείς
1104 1376 1164 1446 τὸν
1173 1373 1376 1467 Ἀρίσταρχον

215 1484 429 1574 ἐκδεχόμενον
451 1489 562 1571 οὕτως.

700 1761 862 1846 Ephyra.

297 1910 425 1993 Duplex
439 1911 569 1997 Ephyra
588 1915 637 1978 est
658 1911 744 1997 apud
758 1912 943 1992 Homerum,
963 1933 1028 1977 una
1043 1909 1265 1995 Thesprotiae,
1285 1912 1379 1976 altera

135 2019 206 2092 (23⁷)
220 2022 269 2085 est
290 2019 472 2086 Corinthus.
498 2023 528 2082 B
544 2027 611 2088 659.
632 2024 664 2081 Ζ
679 2025 745 2086 152.
766 2023 802 2082 N
813 2025 882 2088 301.
908 2021 935 2084 O
957 2024 1025 2086 531.
1059 2019 1152 2085 Hane
1173 2020 1380 2104 posteriorem

216 2126 272 2191 ubi
286 2130 383 2212 poeta
397 2128 465 2211 ipse
479 2127 624 2213 loquitur
639 2127 830 2195 Corinthum
848 2127 932 2206 dicit,
945 2126 1060 2192 heroes
1075 2125 1251 2213 Ephyram.
1273 2130 1304 2191 B
1316 2134 1380 2195 570.

216 2237 248 2294 Z
269 2241 335 2302 152.
358 2241 427 2304 216.
462 2239 498 2299 N
516 2241 587 2304 301.
629 2234 791 2301 Velleium
811 2234 1053 2301 Aristarcheum
1083 2257 1178 2301 nemo
1205 2235 1381 2321 suspicatus

217 2344 267 2406 est
288 2341 360 2427 (eir.
376 2341 491 2408 Rohde
512 2341 594 2410 Mus.
615 2343 719 2409 Rhen.
741 2341 874 2409 XXXVI
895 2366 926 2428 p.
942 2343 1028 2429 551).
1071 2342 1204 2429 „Neque
1227 2347 1278 2409 est
1299 2342 1382 2428 quod

216 2449 368 2514 miremur
379 2450 418 2515 ab
433 2451 576 2517 Homero
586 2451 745 2517 nominari
757 2449 961 2528 Corinthum3
975 2475 1050 2516 nam
1065 2475 1104 2516 ex
1117 2473 1258 2536 persona
1271 2455 1381 2537 poetae

218 2561 250 2622 et
275 2557 358 2623 hano
384 2559 497 2625 urbem
525 2564 557 2624 et
579 2560 733 2644 quasdam
753 2558 869 2624 ionum
898 2559 1039 2625 colonias
1060 2561 1099 2624 iis
1121 2559 1308 2626 nominihus
1330 2582 1382 2644 ap·

216 2665 325 2749 pellat,
348 2668 464 2751 quibus
480 2667 677 2734 vocabantur
695 2671 800 2733 aetate
823 2668 899 2748 eius,
920 2668 1023 2734 multo
1044 2672 1120 2753 post
1140 2666 1238 2734 Ilium
1259 2671 1382 2754 captum

217 2775 391 2841 conditae“.
412 2774 428 2841 I
448 2782 477 2844 3.

685 2896 915 2908 ι-ι--ι--ιι

674 3044 788 3129 Hyde.
817 3042 926 3128 Hyle.

634 3419 738 3512 Νήσῳ
761 3422 796 3491 έν
816 3431 976 3519 κραναῇ.

299 3579 330 3638 Γ
341 3583 401 3644 445
424 3568 455 3663 (ἦ
478 3573 597 3660 ὄιττλη)
619 3571 680 3641 ὅτι
702 3569 850 3665 ίίδηλον
871 3571 1013 3667 πότερον
1035 3571 1141 3660 ὄνομα
1162 3571 1278 3662 κύριόν
1300 3574 1385 3644 ἐστιν

218 3676 288 3748 ἀπὸ
314 3684 374 3749 τοῦ
394 3684 584 3769 κρανθῆναι
609 3676 661 3747 ἐπ’
692 3677 793 3772 αὐτῆς
812 3690 946 3769 πρῶτον
971 3685 1029 3755 τὸν
1049 3679 1157 3772 γάμον
1177 3683 1236 3752 καί
1255 3685 1384 3751 τελειω-

216 3792 325 3876 θῆναι
345 3793 405 3857 τοῦ
418 3784 636 3876 Ἀλεξάνδρου
657 3788 715 3857 καί
734 3794 794 3880 τῆς
804 3788 945 3882 Ἑλένης,
966 3788 1207 3883 ἢέιτιθετικυίς
1227 3791 1290 3881 τὴν
1309 3816 1385 3881 τρα-

215 3900 321 3978 χεῖαν·
351 3895 437 3976 τινές
461 3897 523 3988 γὰρ
550 3898 610 3989 την
636 3896 815 3988 λεγομένην
830 3895 963 3991 Ἑλένην
984 3901 1070 3986 πρὸς
1089 3906 1129 3992 τῇ
1147 3895 1282 3992 Ἀττικῇ
1303 3893 1386 3968 εἶναι

218 3998 287 4072 ἀπὸ
308 4008 368 4093 τῆς
386 4001 526 4094 Ἑλένης,
549 4003 603 4075 ὅτι
623 4002 722 4096 ταύτῃ
743 4005 857 4099 ιτριίτη
879 4008 993 4101 έιτέβη.

220 4244 427 4254 -------

285 4313 342 4353 142ν
360 4311 479 4381 <„Immo
496 4306 593 4364 semel:
610 4326 637 4364 v.
649 4314 696 4367 671
718 4300 760 4376 οἷς
777 4298 860 4366 ὁπότ’
876 4303 1011 4368 Ἠλείοισι
1024 4345 1064 4367 -.
1088 4310 1168 4368 Unde
1186 4314 1256 4383 puto
1269 4311 1386 4368 seriben-

217 4395 285 4450 dum
303 4412 371 4451 esse:
394 4390 441 4451 ὅτι
457 4385 583 4459 Ἐπειοὺς
600 4393 669 4459 τοὺς
684 4386 813 4460 Ἠλείους
831 4399 921 4454 καλεῖ.
950 4396 990 4454 Of.
1009 4397 1045 4453 ad
1063 4402 1138 4454 694“.
1166 4397 1386 4467 ruodlando.)
