3008 4980
324 325 348 380 2.
370 319 483 390 Didymi
499 320 571 375 liber
588 320 623 375 de
640 318 793 375 Aristarchi
810 319 933 376 editione
951 320 1072 375 Homeri.
1241 329 1280 390 21

113 490 183 555 Hac
204 491 289 555 enim
310 494 389 574 puto
411 491 581 555 verborum
603 489 813 555 collocatione
831 490 989 575 Didymus
1009 513 1087 554 usus
1109 495 1186 554 erat.
1222 491 1280 555 At·
1294 490 1347 560 (24)

114 602 222 662 tamen
248 620 314 662 non
342 597 511 662 celandum
532 601 582 661 est
602 620 702 662 unum
726 619 794 662 esse
817 597 921 662 editae
942 597 1091 662 lectionis
1112 597 1283 682 refugium,

113 709 151 770 ut
174 701 439 789 μεταλαμβάνειν
470 727 528 768 sua
554 709 669 769 natura
695 706 843 788 deposita
870 727 903 769 se
930 705 1218 770 accommodaverit
1243 706 1283 769 ad

114 812 250 878 aliorum
266 813 466 897 quorundam
482 813 761 891 constuctionem,
779 835 860 896 quae
875 812 1078 897 interpretari
1091 811 1283 897 significant,

112 943 193 984 max.
221 913 438 986 ἀποδιδόναι.
479 919 634 1005 Porphyr.
656 921 689 982 A
712 927 728 985 1
751 912 769 984 δ
792 914 852 999 μὲν
871 911 1084 1001 Ἀρίσταρχος
1103 917 1141 984 τὸ
1164 912 1282 1006 ἠγορά-

114 1048 198 1091 ωντο
217 1020 431 1093 ἀποδέδωκεν
453 1018 525 1090 ἀντὶ
545 1029 603 1089 τοῦ
625 1019 833 1112 ἠθροίζοντο.
869 1025 952 1091 Item
967 1029 1008 1089 M
1022 1032 1083 1094 258
1105 1030 1143 1109 (v.
1165 1027 1283 1092 similia

115 1139 237 1219 quaest.
253 1136 307 1200 Ar.
323 1157 405 1219 spec.
420 1158 450 1218 p.
465 1136 523 1217 36).
558 1133 623 1199 Sed
644 1135 678 1198 in
700 1135 770 1218 ipso
792 1135 889 1199 verbo
909 1126 1178 1217 μεταλαμβάνειν
1198 1134 1282 1199 hano

75 1284 77 1289 ·
113 1243 192 1306 mihi
224 1243 398 1308 occurrisse
432 1242 705 1308 constructionem
735 1264 821 1306 nunc
856 1247 941 1308 certe
973 1267 1038 1309 non
1072 1241 1211 1306 memini.
1242 1243 1281 1290 ’-

114 1349 208 1427 Quod
238 1340 281 1413 αὖ
310 1342 347 1415 τά
382 1351 478 1415 scribi
506 1349 654 1415 volumus
685 1372 744 1432 pro
778 1341 858 1412 αὐτό
891 1367 957 1412 non
986 1351 1061 1429 eget
1086 1346 1280 1412 defensione.

113 1456 266 1542 Sequitur
830 1458 832 1464 ’

186 1557 245 1627 ’Ἐν
265 1587 330 1628 τινι
344 1567 410 1628 τῶν
424 1557 657 1650 ἠκριβωμένων
672 1558 874 1649 ποιημάτων.
910 1563 1061 1648 Legimus
1081 1566 1111 1624 Φ
1128 1567 1186 1630 130
1202 1561 1282 1626 haec

113 1672 256 1757 Didymi:
287 1665 499 1757 Ἀρίσταρχος
524 1669 581 1737 διά
606 1673 672 1735 τῶν
697 1666 932 1757 πσιημάτων3·
952 1661 1172 1756 Ἀριστοφάνη
1202 1664 1283 1754 φησὶ

114 1773 242 1858 στίχους
262 1774 300 1860 (ἐξ
315 1773 517 1867 ήδετηκέναι
538 1822 587 1842 -.
610 1780 655 1845 Ar
669 1781 846 1847 sexcenties
869 1780 948 1844 dixit
962 1779 1119 1864 Didymus
1141 1773 1196 1841 διὰ
1218 1778 1283 1840 τῶν

114 1881 367 1972 ὑπομνημάτων.
410 1887 454 1952 Et
481 1889 526 1953 sic
548 1889 752 1953 scribendum
774 1891 823 1951 est
845 1891 877 1951 et
897 1886 928 1950 h.
949 1887 970 1952 l.
994 1891 1026 1951 et
1048 1890 1077 1948 Γ
1096 1892 1156 1952 272
1180 1879 1285 1961 οὕτως

110 1987 318 2078 Ἡρωδιανὸς
339 1991 375 2059 ἐν
394 1998 441 2080 τῷ
461 1987 493 2079 β’
514 1990 681 2080 ποιήματι
706 1996 802 2080 (corr.
825 1995 953 2060 Belrker
978 2019 1008 2079 p.
1032 1994 1109 2077 823>
1135 1996 1182 2077 τῷ
1208 1989 1285 2077 περὶ

114 2104 239 2166 παθῶν
259 2098 427 2185 Διδάμοο,
455 2108 493 2169 ut
514 2107 543 2167 P
560 2111 620 2172 201
649 2102 736 2190 ζητοῖ
761 2097 1005 2184 ὁἩρωδιανδς
1025 2098 1060 2165 ἐν
1083 2103 1129 2186 τῷ
1150 2094 1181 2164 α’
1202 2095 1284 2166 iuvo-
1297 2115 1329 2166 21

114 2204 261 2297 μνήματι
287 2213 347 2276 τοῦ
372 2212 404 2293 (l.
429 2215 488 2297 τῷ)
520 2208 597 2294 περί
624 2213 747 2274 παθῶν
774 2204 937 2292 Διδάμοο.
977 2210 1064 2274 Dtl
1090 2215 1150 2277 453
1180 2211 1284 2273 ταῦτα

114 2312 238 2402 ἱστορεῖ
257 2312 509 2402 Ἁρποκρατίων
537 2315 554 2386 ὁ
576 2315 662 2383 Δίον
687 2313 891 2394 διδάσκαλος
919 2313 953 2381 ἐν
975 2312 1139 2404 ποιήματι
1159 2321 1216 2402 τής
1236 2316 1285 2379 it

116 2425 230 2510 (sich).
265 2426 414 2511 Denique
445 2431 549 2494 Y471
580 2422 756 2512 ἐνέπρησεν
783 2419 962 2503 Φιλόξενος
986 2421 1043 2488 καί
1067 2416 1285 2505 Ἀρίσταρχος.

114 2531 191 2618 περὶ
206 2529 243 2598 δὲ
256 2537 313 2620 τῆς
327 2536 458 2622 γραφῆς
468 2526 684 2617 Ἀριστάρχου
697 2534 730 2618 (l.
740 2536 807 2615 -ος)
824 2529 858 2597 ἐν
873 2525 1036 2619 πσιήματί
1049 2532 1146 2616 (corr.
1156 2530 1286 2595 Beklrer

115 2664 145 2727 p.
168 2643 245 2726 819>
268 2663 369 2729 φησιν
391 2637 493 2718 οὕτως
515 2679 566 2708 -.

200 2879 270 2956 §a
312 2873 376 2940 Sed
401 2875 466 2938 iarn
491 2879 618 2958 tempus
644 2879 693 2939 est
717 2874 768 2938 his
789 2874 895 2937 missis
926 2874 1031 2938 denuo
1052 2871 1134 2935 illud
1155 2870 1286 2954 Didymi

118 2981 262 3047 scholion
282 2982 448 3067 inspicere,
469 2987 506 3046 ut
521 2983 722 3066 exploremus
738 2982 815 3066 quid
829 2981 904 3045 inde
926 2981 966 3044 ad
980 2978 1159 3043 Aristarchi
1181 2978 1287 3042 studia

118 3089 341 3174 cognoscenda
367 3090 471 3173 possit
497 3089 575 3153 elici.
617 3089 761 3154 Primum
781 3088 959 3152 Aristarchi
986 3088 1087 3152 libros
1110 3080 1286 3169 (συγγράμ-

117 3199 218 3280 ματα)
241 3197 412 3282 distinguit
433 3196 472 3260 ab
496 3197 564 3261 eius
584 3197 829 3263 commentariis.

200 3304 244 3369 At
273 3303 355 3367 nihil
380 3304 508 3388 scripsit
534 3327 630 3388 quam
657 3303 916 3382 commentarios,
942 3303 969 3366 si
990 3301 1112 3366 Wolfio
1139 3301 1218 3365 fides
1249 3323 1287 3364 ex

120 3411 217 3477 Suida
232 3411 435 3476 concludenti
450 3414 492 3496 (p.
508 3411 686 3494 GOXsz
709 3407 839 3494 λέγεται
854 3406 985 3495 γράψαι
1006 3404 1089 3490 ὑπὲρ
1112 3405 1147 3471 ω’
1169 3402 1287 3490 βιβλία

118 3514 363 3604 ὑπομνημάτων
386 3515 527 3601 μόνων,
549 3519 671 3584 Verum
701 3524 733 3583 et
755 3519 872 3584 Suidae
893 3517 1114 3582 testimonium
1136 3516 1205 3581 sine
1228 3517 1287 3579 du-

119 3627 277 3691 bitatione
298 3626 344 3692 sio
365 3629 509 3713 accipere
530 3628 620 3692 licet:
647 3628 691 3709 „si
711 3627 935 3692 tantummodo
958 3624 1204 3690 commentarios
1227 3647 1288 3687 nu·

191 3948 223 3988 ³⁸
243 3942 411 4015 <Quoniam
428 3941 580 3997 Bredovius
598 3945 756 3997 correxerat
773 3942 847 4010 apud
865 3940 998 3996 Wollium
1015 3940 1122 4009 Proleg.
1142 3959 1171 4010 p.
1183 3939 1290 3994 CCXXI

120 4031 333 4184 wigii-&me
350 4112 490 4178 Bekher03
506 4111 566 4181 ipse
583 4111 614 4165 in
632 4110 726 4166 codice
750 4110 846 4165 inveni
864 4113 1005 4179 ποιήματι
1027 4121 1079 4181 τῆς
1102 4114 1194 4164 'ioum
1211 4109 1291 4178 signo

121 4195 218 4254 scholii
230 4197 302 4253 finiti
315 4205 359 4264 -Ι-,
373 4197 449 4266 quod
460 4197 571 4267 signum
580 4196 675 4266 paullo
692 4195 782 4250 rarius
794 4193 915 4251 occurrit
932 4212 1017 4263 quam
1028 4195 1148 4249 alterum
1164 4194 1218 4248 hoc
1230 4214 1271 4247 :—
1284 4235 1290 4247 .

122 4284 246 4353 Heynius
267 4282 304 4337 ad
324 4280 402 4335 Iliad.
426 4282 443 4337 l.
463 4299 485 4335 c.
509 4280 628 4336 coniecit
649 4277 682 4338 ἐν
701 4275 887 4351 ὑπομνήματι
908 4290 959 4350 τῆς
974 4270 1105 4348 Ἰλιάδος,
1127 4278 1237 4335 Bastius
1255 4275 1291 4329 ad

122 4367 263 4425 Schaeferi
280 4367 394 4437 Gregor.
414 4365 475 4422 eor.
493 4384 521 4434 p.
539 4370 587 4421 933
606 4363 639 4422 ἐν
656 4357 841 4436 ὑπομνήματι
858 4367 909 4432 τῆς
927 4384 936 4418 ι
954 4361 1012 4417 scil
1031 4359 1208 4435 ῥαψῳδίας.)
