<?xml version="1.0" encoding="UTF-8"?>
<!DOCTYPE html PUBLIC "-//W3C//DTD XHTML 1.0 Transitional//EN"
    "http://www.w3.org/TR/xhtml1/DTD/xhtml1-transitional.dtd">
<html xmlns="http://www.w3.org/1999/xhtml" xml:lang="en" lang="en">
 <head>
  <title>
</title>
<meta http-equiv="Content-Type" content="text/html;charset=utf-8" />
  <meta name='ocr-system' content='tesseract 3.04.00' />
  <meta name='ocr-capabilities' content='ocr_page ocr_carea ocr_par ocr_line ocrx_word'/>
</head>
<body>
  <div class='ocr_page' id='page_1' title='image "./dearistarchistu01lehrgoog/dearistarchistu01lehrgoog_0217.png"; bbox 0 0 3008 4980; ppageno 0'>
   <div class='ocr_carea' id='block_1_1' title="bbox 209 303 1191 379">
    <p class='ocr_par' dir='ltr' id='par_1_1' title="bbox 209 303 1191 379">
     <span class='ocr_line' id='line_1_1' title="bbox 209 303 1191 379; baseline -0.006 -13"><span class='ocrx_word' id='word_1_1' title='bbox 209 315 269 379; x_wconf 78' lang='lat'><strong>202</strong></span> <span class='ocrx_word' id='word_1_2' title='bbox 389 306 437 363; x_wconf 88' lang='lat' dir='ltr'>III.</span> <span class='ocrx_word' id='word_1_3' title='bbox 463 307 504 364; x_wconf 90' lang='lat' dir='ltr'><strong>De</strong></span> <span class='ocrx_word' id='word_1_4' title='bbox 520 307 673 364; x_wconf 81' lang='lat' dir='ltr'><strong>Aristarchi</strong></span> <span class='ocrx_word' id='word_1_5' title='bbox 688 306 807 364; x_wconf 85' lang='lat' dir='ltr'><strong>scientia</strong></span> <span class='ocrx_word' id='word_1_6' title='bbox 822 304 1001 377; x_wconf 72' lang='lat' dir='ltr'><strong>antiquitatis</strong></span> <span class='ocrx_word' id='word_1_7' title='bbox 1017 303 1191 361; x_wconf 84' lang='lat' dir='ltr'><strong>Homericae.</strong></span> 
     </span>
    </p>
   </div>
   <div class='ocr_carea' id='block_1_2' title="bbox 135 465 1385 3890">
    <p class='ocr_par' dir='ltr' id='par_1_2' title="bbox 135 465 1383 2281">
     <span class='ocr_line' id='line_1_2' title="bbox 209 465 1374 563; baseline -0.004 -24"><span class='ocrx_word' id='word_1_8' title='bbox 209 475 267 552; x_wconf 81' lang='grc' dir='ltr'><strong>λος</strong></span> <span class='ocrx_word' id='word_1_9' title='bbox 288 467 305 539; x_wconf 85' lang='grc' dir='ltr'><strong><em>δ</em></strong></span> <span class='ocrx_word' id='word_1_10' title='bbox 328 466 436 563; x_wconf 74' lang='grc' dir='ltr'><em>ῥήτωρ</em></span> <span class='ocrx_word' id='word_1_11' title='bbox 463 471 498 542; x_wconf 75' lang='grc' dir='ltr'><strong>ἐν</strong></span> <span class='ocrx_word' id='word_1_12' title='bbox 519 479 566 562; x_wconf 78' lang='grc' dir='ltr'><strong>τῷ</strong></span> <span class='ocrx_word' id='word_1_13' title='bbox 590 469 752 540; x_wconf 79' lang='grc' dir='ltr'><em>Τενεδίων</em></span> <span class='ocrx_word' id='word_1_14' title='bbox 773 468 926 562; x_wconf 73' lang='grc' dir='ltr'><em>ἐγκωμίῳ</em></span> <span class='ocrx_word' id='word_1_15' title='bbox 948 469 1047 562; x_wconf 81' lang='grc' dir='ltr'><em>φησὶν</em></span> <span class='ocrx_word' id='word_1_16' title='bbox 1068 467 1105 536; x_wconf 76' lang='grc' dir='ltr'><strong>ἐκ</strong></span> <span class='ocrx_word' id='word_1_17' title='bbox 1131 465 1277 536; x_wconf 78' lang='grc' dir='ltr'><strong><em>Τενέδου</em></strong></span> <span class='ocrx_word' id='word_1_18' title='bbox 1298 472 1374 553; x_wconf 82' lang='grc' dir='ltr'><em>ῥεῖν,</em></span> 
     </span>
     <span class='ocr_line' id='line_1_3' title="bbox 210 576 1378 672; baseline -0.003 -25"><span class='ocrx_word' id='word_1_19' title='bbox 210 576 227 647; x_wconf 85' lang='grc' dir='ltr'><strong><em>δ</em></strong></span> <span class='ocrx_word' id='word_1_20' title='bbox 249 580 308 648; x_wconf 87' lang='grc' dir='ltr'><strong>τὸν</strong></span> <span class='ocrx_word' id='word_1_21' title='bbox 321 580 469 670; x_wconf 82' lang='grc' dir='ltr'><em>Ὅμηρον</em></span> <span class='ocrx_word' id='word_1_22' title='bbox 490 578 603 672; x_wconf 82' lang='grc' dir='ltr'><em>ψέγων</em></span> <span class='ocrx_word' id='word_1_23' title='bbox 625 578 670 659; x_wconf 82' lang='grc' dir='ltr'><strong>ὡς</strong></span> <span class='ocrx_word' id='word_1_24' title='bbox 689 576 940 671; x_wconf 72' lang='grc' dir='ltr'><em>μοθογροίιγον“</em></span> <span class='ocrx_word' id='word_1_25' title='bbox 965 583 986 648; x_wconf 93' lang='lat' dir='ltr'><strong>i.</strong></span> <span class='ocrx_word' id='word_1_26' title='bbox 1007 604 1033 648; x_wconf 91' lang='lat' dir='ltr'><strong>e.</strong></span> <span class='ocrx_word' id='word_1_27' title='bbox 1056 579 1215 647; x_wconf 91' lang='lat' dir='ltr'><strong>eiusmodi</strong></span> <span class='ocrx_word' id='word_1_28' title='bbox 1236 578 1378 645; x_wconf 87' lang='lat' dir='ltr'><strong>fabulam</strong></span> 
     </span>
     <span class='ocr_line' id='line_1_4' title="bbox 210 688 1377 778; baseline -0.004 -22"><span class='ocrx_word' id='word_1_29' title='bbox 210 690 318 756; x_wconf 85' lang='lat' dir='ltr'><strong>Zoilus</strong></span> <span class='ocrx_word' id='word_1_30' title='bbox 340 693 498 778; x_wconf 83' lang='lat' dir='ltr'><strong>propinat,</strong></span> <span class='ocrx_word' id='word_1_31' title='bbox 519 693 547 758; x_wconf 93' lang='lat' dir='ltr'><strong>is</strong></span> <span class='ocrx_word' id='word_1_32' title='bbox 569 693 624 776; x_wconf 89' lang='lat' dir='ltr'><strong>qui</strong></span> <span class='ocrx_word' id='word_1_33' title='bbox 639 694 818 759; x_wconf 82' lang='lat' dir='ltr'><strong>Homerum</strong></span> <span class='ocrx_word' id='word_1_34' title='bbox 838 696 876 757; x_wconf 90' lang='lat' dir='ltr'><strong>ut</strong></span> <span class='ocrx_word' id='word_1_35' title='bbox 895 690 1079 758; x_wconf 89' lang='lat' dir='ltr'><strong>fabulosum</strong></span> <span class='ocrx_word' id='word_1_36' title='bbox 1100 691 1233 773; x_wconf 87' lang='lat' dir='ltr'><strong>poetam</strong></span> <span class='ocrx_word' id='word_1_37' title='bbox 1254 688 1377 773; x_wconf 84' lang='lat' dir='ltr'><strong>vitupe-</strong></span> 
     </span>
     <span class='ocr_line' id='line_1_5' title="bbox 209 793 1377 884; baseline -0.003 -23"><span class='ocrx_word' id='word_1_38' title='bbox 209 820 279 862; x_wconf 83' lang='lat' dir='ltr'><strong>rare</strong></span> <span class='ocrx_word' id='word_1_39' title='bbox 304 820 401 863; x_wconf 87' lang='lat' dir='ltr'><strong>ausus</strong></span> <span class='ocrx_word' id='word_1_40' title='bbox 428 803 485 867; x_wconf 89' lang='lat' dir='ltr'><strong>est.</strong></span> <span class='ocrx_word' id='word_1_41' title='bbox 529 798 567 865; x_wconf 92' lang='lat' dir='ltr'><strong>ln</strong></span> <span class='ocrx_word' id='word_1_42' title='bbox 596 823 660 884; x_wconf 87' lang='lat' dir='ltr'><strong>quo</strong></span> <span class='ocrx_word' id='word_1_43' title='bbox 686 801 798 879; x_wconf 88' lang='lat' dir='ltr'><strong>miror,</strong></span> <span class='ocrx_word' id='word_1_44' title='bbox 823 798 981 865; x_wconf 90' lang='lat' dir='ltr'><strong>Wolfium</strong></span> <span class='ocrx_word' id='word_1_45' title='bbox 1007 797 1069 863; x_wconf 88' lang='lat' dir='ltr'><strong>sibi</strong></span> <span class='ocrx_word' id='word_1_46' title='bbox 1096 793 1292 881; x_wconf 88' lang='lat' dir='ltr'><strong>persuadere</strong></span> <span class='ocrx_word' id='word_1_47' title='bbox 1320 810 1377 876; x_wconf 85' lang='lat' dir='ltr'><strong>po·</strong></span> 
     </span>
     <span class='ocr_line' id='line_1_6' title="bbox 208 892 1378 991; baseline -0.009 -22"><span class='ocrx_word' id='word_1_48' title='bbox 208 906 309 971; x_wconf 88' lang='lat' dir='ltr'><strong>tuisse</strong></span> <span class='ocrx_word' id='word_1_49' title='bbox 336 908 378 991; x_wconf 90' lang='lat' dir='ltr'><strong>(p.</strong></span> <span class='ocrx_word' id='word_1_50' title='bbox 401 905 525 989; x_wconf 80' lang='lat' dir='ltr'>CXCII)</span> <span class='ocrx_word' id='word_1_51' title='bbox 555 906 669 972; x_wconf 90' lang='lat' dir='ltr'><strong>ultima</strong></span> <span class='ocrx_word' id='word_1_52' title='bbox 696 907 794 971; x_wconf 89' lang='lat' dir='ltr'><strong>verba</strong></span> <span class='ocrx_word' id='word_1_53' title='bbox 819 899 836 970; x_wconf 86' lang='grc' dir='ltr'><strong><em>δ</em></strong></span> <span class='ocrx_word' id='word_1_54' title='bbox 865 903 924 970; x_wconf 90' lang='grc' dir='ltr'><strong>τὸν</strong></span> <span class='ocrx_word' id='word_1_55' title='bbox 936 901 1085 990; x_wconf 81' lang='grc' dir='ltr'><em>Ὅμηρον</em></span> <span class='ocrx_word' id='word_1_56' title='bbox 1109 897 1225 989; x_wconf 81' lang='grc' dir='ltr'><em>ψέγων</em></span> <span class='ocrx_word' id='word_1_57' title='bbox 1252 892 1301 975; x_wconf 70' lang='lat' dir='ltr'><strong>oie</strong></span> <span class='ocrx_word' id='word_1_58' title='bbox 1319 918 1378 978; x_wconf 86' lang='grc' dir='ltr'><em>μο-</em></span> 
     </span>
     <span class='ocr_line' id='line_1_7' title="bbox 211 1004 1379 1100; baseline -0.006 -24"><span class='ocrx_word' id='word_1_59' title='bbox 211 1007 400 1100; x_wconf 76' lang='grc' dir='ltr'><em>δογροίᾳιον,</em></span> <span class='ocrx_word' id='word_1_60' title='bbox 423 1013 457 1077; x_wconf 91' lang='lat' dir='ltr'><strong>in</strong></span> <span class='ocrx_word' id='word_1_61' title='bbox 472 1014 590 1098; x_wconf 89' lang='lat' dir='ltr'><strong>quibus</strong></span> <span class='ocrx_word' id='word_1_62' title='bbox 605 1014 652 1078; x_wconf 86' lang='lat' dir='ltr'><strong>vis</strong></span> <span class='ocrx_word' id='word_1_63' title='bbox 666 1014 846 1079; x_wconf 89' lang='lat' dir='ltr'><strong>sententiae</strong></span> <span class='ocrx_word' id='word_1_64' title='bbox 867 1016 925 1093; x_wconf 76' lang='lat' dir='ltr'><strong>est,</strong></span> <span class='ocrx_word' id='word_1_65' title='bbox 945 1013 987 1077; x_wconf 90' lang='lat' dir='ltr'><strong>ad</strong></span> <span class='ocrx_word' id='word_1_66' title='bbox 1006 1011 1186 1097; x_wconf 78' lang='lat' dir='ltr'><strong>marginem</strong></span> <span class='ocrx_word' id='word_1_67' title='bbox 1206 1004 1379 1090; x_wconf 83' lang='lat' dir='ltr'><strong>releganda</strong></span> 
     </span>
     <span class='ocr_line' id='line_1_8' title="bbox 212 1113 1379 1188; baseline -0.009 -3"><span class='ocrx_word' id='word_1_68' title='bbox 212 1143 289 1188; x_wconf 87' lang='lat' dir='ltr'><strong>esse.</strong></span> <span class='ocrx_word' id='word_1_69' title='bbox 337 1121 437 1186; x_wconf 90' lang='lat' dir='ltr'><strong>Recte</strong></span> <span class='ocrx_word' id='word_1_70' title='bbox 462 1120 631 1187; x_wconf 82' lang='lat' dir='ltr'><strong>Strabonis</strong></span> <span class='ocrx_word' id='word_1_71' title='bbox 662 1121 770 1187; x_wconf 88' lang='lat' dir='ltr'><strong>locum</strong></span> <span class='ocrx_word' id='word_1_72' title='bbox 800 1120 1000 1186; x_wconf 81' lang='lat' dir='ltr'><strong>intellexerat</strong></span> <span class='ocrx_word' id='word_1_73' title='bbox 1024 1117 1146 1183; x_wconf 86' lang='lat' dir='ltr'><strong>Hardio</strong></span> <span class='ocrx_word' id='word_1_74' title='bbox 1177 1117 1214 1182; x_wconf 94' lang='lat' dir='ltr'><strong>in</strong></span> <span class='ocrx_word' id='word_1_75' title='bbox 1246 1113 1379 1180; x_wconf 87' lang='lat' dir='ltr'><strong>Memor.</strong></span> 
     </span>
     <span class='ocr_line' id='line_1_9' title="bbox 210 1219 1379 1312; baseline -0.009 -19"><span class='ocrx_word' id='word_1_76' title='bbox 210 1228 309 1293; x_wconf 88' lang='lat' dir='ltr'><strong>Acad.</strong></span> <span class='ocrx_word' id='word_1_77' title='bbox 331 1229 425 1295; x_wconf 90' lang='lat' dir='ltr'><strong>inser.</strong></span> <span class='ocrx_word' id='word_1_78' title='bbox 448 1232 480 1293; x_wconf 92' lang='lat' dir='ltr'><strong>et</strong></span> <span class='ocrx_word' id='word_1_79' title='bbox 500 1228 562 1292; x_wconf 85' lang='lat' dir='ltr'><strong>litt</strong></span> <span class='ocrx_word' id='word_1_80' title='bbox 583 1227 621 1294; x_wconf 81' lang='grc' dir='ltr'><strong>Τ.</strong></span> <span class='ocrx_word' id='word_1_81' title='bbox 640 1227 719 1294; x_wconf 87' lang='lat' dir='ltr'><strong>Vlll</strong></span> <span class='ocrx_word' id='word_1_82' title='bbox 740 1251 770 1312; x_wconf 91' lang='lat' dir='ltr'><strong>p.</strong></span> <span class='ocrx_word' id='word_1_83' title='bbox 786 1228 908 1296; x_wconf 80' lang='lat'><strong>187¹²³.</strong></span> <span class='ocrx_word' id='word_1_84' title='bbox 943 1226 982 1292; x_wconf 93' lang='lat' dir='ltr'><strong>In</strong></span> <span class='ocrx_word' id='word_1_85' title='bbox 1003 1229 1110 1291; x_wconf 87' lang='lat' dir='ltr'><strong>mente</strong></span> <span class='ocrx_word' id='word_1_86' title='bbox 1131 1223 1249 1290; x_wconf 90' lang='lat' dir='ltr'><strong>habuit</strong></span> <span class='ocrx_word' id='word_1_87' title='bbox 1263 1219 1379 1287; x_wconf 88' lang='lat' dir='ltr'><strong>Strabo</strong></span> 
     </span>
     <span class='ocr_line' id='line_1_10' title="bbox 210 1326 1379 1423; baseline -0.009 -24"><span class='ocrx_word' id='word_1_88' title='bbox 210 1326 491 1423; x_wconf 81' lang='grc' dir='ltr'><em>ψόγονὋμήρον,</em></span> <span class='ocrx_word' id='word_1_89' title='bbox 517 1359 598 1421; x_wconf 87' lang='lat' dir='ltr'><strong>quae</strong></span> <span class='ocrx_word' id='word_1_90' title='bbox 617 1336 705 1401; x_wconf 89' lang='lat' dir='ltr'><strong>haud</strong></span> <span class='ocrx_word' id='word_1_91' title='bbox 720 1336 816 1401; x_wconf 91' lang='lat' dir='ltr'><strong>dubie</strong></span> <span class='ocrx_word' id='word_1_92' title='bbox 834 1333 1024 1401; x_wconf 83' lang='lat' dir='ltr'><strong>declamatio</strong></span> <span class='ocrx_word' id='word_1_93' title='bbox 1046 1335 1122 1411; x_wconf 88' lang='lat' dir='ltr'><strong>erat,</strong></span> <span class='ocrx_word' id='word_1_94' title='bbox 1139 1328 1276 1398; x_wconf 86' lang='lat' dir='ltr'><strong>aSuida</strong></span> <span class='ocrx_word' id='word_1_95' title='bbox 1296 1326 1379 1391; x_wconf 87' lang='lat' dir='ltr'><strong>iuter</strong></span> 
     </span>
     <span class='ocr_line' id='line_1_11' title="bbox 212 1432 1380 1528; baseline -0.009 -21"><span class='ocrx_word' id='word_1_96' title='bbox 212 1441 295 1507; x_wconf 88' lang='lat' dir='ltr'><strong>Zoili</strong></span> <span class='ocrx_word' id='word_1_97' title='bbox 318 1442 436 1528; x_wconf 87' lang='lat' dir='ltr'><strong>scripta</strong></span> <span class='ocrx_word' id='word_1_98' title='bbox 457 1447 706 1509; x_wconf 87' lang='lat' dir='ltr'><strong>commemorata</strong></span> <span class='ocrx_word' id='word_1_99' title='bbox 727 1447 824 1527; x_wconf 90' lang='lat' dir='ltr'><strong>atque</strong></span> <span class='ocrx_word' id='word_1_100' title='bbox 846 1465 865 1507; x_wconf 90' lang='lat' dir='ltr'><strong>a</strong></span> <span class='ocrx_word' id='word_1_101' title='bbox 885 1464 1001 1507; x_wconf 88' lang='lat' dir='ltr'><strong>novem</strong></span> <span class='ocrx_word' id='word_1_102' title='bbox 1021 1439 1113 1505; x_wconf 88' lang='lat' dir='ltr'><strong>libris</strong></span> <span class='ocrx_word' id='word_1_103' title='bbox 1134 1438 1290 1504; x_wconf 86' lang='lat' dir='ltr'><strong>adversus</strong></span> <span class='ocrx_word' id='word_1_104' title='bbox 1310 1432 1380 1497; x_wconf 92' lang='lat' dir='ltr'><strong>Ho-</strong></span> 
     </span>
     <span class='ocr_line' id='line_1_12' title="bbox 212 1544 1380 1633; baseline -0.006 -20"><span class='ocrx_word' id='word_1_105' title='bbox 212 1571 336 1614; x_wconf 88' lang='lat' dir='ltr'><strong>merum</strong></span> <span class='ocrx_word' id='word_1_106' title='bbox 351 1554 482 1618; x_wconf 86' lang='lat' dir='ltr'><strong>seoreta.</strong></span> <span class='ocrx_word' id='word_1_107' title='bbox 516 1550 567 1616; x_wconf 82' lang='lat' dir='ltr'><strong>Ex</strong></span> <span class='ocrx_word' id='word_1_108' title='bbox 589 1551 699 1616; x_wconf 88' lang='lat' dir='ltr'><strong>eadem</strong></span> <span class='ocrx_word' id='word_1_109' title='bbox 722 1550 953 1616; x_wconf 80' lang='lat' dir='ltr'><strong>declamatione</strong></span> <span class='ocrx_word' id='word_1_110' title='bbox 974 1547 1153 1633; x_wconf 86' lang='lat' dir='ltr'><strong>putaverim</strong></span> <span class='ocrx_word' id='word_1_111' title='bbox 1174 1544 1380 1629; x_wconf 88' lang='lat' dir='ltr'><strong>desumptum</strong></span> 
     </span>
     <span class='ocr_line' id='line_1_13' title="bbox 213 1649 1380 1743; baseline -0.006 -22"><span class='ocrx_word' id='word_1_112' title='bbox 213 1678 298 1740; x_wconf 87' lang='lat' dir='ltr'><strong>esse,</strong></span> <span class='ocrx_word' id='word_1_113' title='bbox 327 1658 414 1741; x_wconf 92' lang='lat' dir='ltr'><strong>quod</strong></span> <span class='ocrx_word' id='word_1_114' title='bbox 435 1657 601 1743; x_wconf 80' lang='lat' dir='ltr'><strong>Longinus</strong></span> <span class='ocrx_word' id='word_1_115' title='bbox 622 1658 772 1738; x_wconf 85' lang='lat' dir='ltr'><strong>servavit,</strong></span> <span class='ocrx_word' id='word_1_116' title='bbox 798 1658 843 1724; x_wconf 90' lang='lat' dir='ltr'><strong>IX</strong></span> <span class='ocrx_word' id='word_1_117' title='bbox 866 1665 903 1725; x_wconf 82' lang='lat'><strong>14</strong></span> <span class='ocrx_word' id='word_1_118' title='bbox 924 1653 1002 1733; x_wconf 82' lang='grc' dir='ltr'><em>τοὺς</em></span> <span class='ocrx_word' id='word_1_119' title='bbox 1028 1651 1065 1720; x_wconf 76' lang='grc' dir='ltr'><strong>ἐκ</strong></span> <span class='ocrx_word' id='word_1_120' title='bbox 1086 1649 1214 1741; x_wconf 80' lang='grc' dir='ltr'><strong><em>Κίρκης</em></strong></span> <span class='ocrx_word' id='word_1_121' title='bbox 1233 1670 1380 1738; x_wconf 84' lang='grc' dir='ltr'><strong><em>συοφορ-</em></strong></span> 
     </span>
     <span class='ocr_line' id='line_1_14' title="bbox 211 1750 1381 1853; baseline -0.006 -25"><span class='ocrx_word' id='word_1_122' title='bbox 211 1759 395 1846; x_wconf 79' lang='grc' dir='ltr'><em>βοομένους</em></span> <span class='ocrx_word' id='word_1_123' title='bbox 414 1764 450 1850; x_wconf 82' lang='lat' dir='ltr'><strong>&lt;l</strong></span> <span class='ocrx_word' id='word_1_124' title='bbox 470 1762 785 1853; x_wconf 82' lang='grc' dir='ltr'><em>σνομορφονμένονς</em></span> <span class='ocrx_word' id='word_1_125' title='bbox 806 1787 879 1831; x_wconf 91' lang='lat' dir='ltr'><strong>cum</strong></span> <span class='ocrx_word' id='word_1_126' title='bbox 900 1763 1157 1848; x_wconf 88' lang='lat' dir='ltr'><strong>Valckenaerio&gt;,</strong></span> <span class='ocrx_word' id='word_1_127' title='bbox 1180 1750 1238 1837; x_wconf 66' lang='grc' dir='ltr'><strong>οὓς</strong></span> <span class='ocrx_word' id='word_1_128' title='bbox 1258 1750 1381 1823; x_wconf 85' lang='grc' dir='ltr'><em>ὁΖωΐ-</em></span> 
     </span>
     <span class='ocr_line' id='line_1_15' title="bbox 135 1865 1382 1958; baseline -0.008 -19"><span class='ocrx_word' id='word_1_129' title='bbox 135 1869 205 1939; x_wconf 72' lang='lat'>(²⁰⁷)</span> <span class='ocrx_word' id='word_1_130' title='bbox 217 1868 275 1947; x_wconf 82' lang='grc' dir='ltr'><strong>λος</strong></span> <span class='ocrx_word' id='word_1_131' title='bbox 289 1865 354 1958; x_wconf 78' lang='grc' dir='ltr'><strong>ἔφη</strong></span> <span class='ocrx_word' id='word_1_132' title='bbox 373 1865 553 1954; x_wconf 78' lang='grc' dir='ltr'><strong><em>χοιρίδια</em></strong></span> <span class='ocrx_word' id='word_1_133' title='bbox 575 1865 780 1938; x_wconf 75' lang='grc' dir='ltr'><em>κλαίονταε</em></span> <span class='ocrx_word' id='word_1_134' title='bbox 802 1872 891 1958; x_wconf 90' lang='lat' dir='ltr'><strong>quod</strong></span> <span class='ocrx_word' id='word_1_135' title='bbox 905 1872 1006 1937; x_wconf 91' lang='lat' dir='ltr'><strong>habet</strong></span> <span class='ocrx_word' id='word_1_136' title='bbox 1019 1870 1160 1936; x_wconf 91' lang='lat' dir='ltr'><strong>colorem</strong></span> <span class='ocrx_word' id='word_1_137' title='bbox 1176 1866 1382 1934; x_wconf 83' lang='lat' dir='ltr'><strong>rhetoricum</strong></span> 
     </span>
     <span class='ocr_line' id='line_1_16' title="bbox 212 1974 1381 2064; baseline -0.003 -22"><span class='ocrx_word' id='word_1_138' title='bbox 212 1976 264 2042; x_wconf 78' lang='lat' dir='ltr'><strong>Eu</strong></span> <span class='ocrx_word' id='word_1_139' title='bbox 299 1979 461 2062; x_wconf 81' lang='lat' dir='ltr'><strong>specimen</strong></span> <span class='ocrx_word' id='word_1_140' title='bbox 494 1979 633 2059; x_wconf 86' lang='lat' dir='ltr'><strong>fabulae,</strong></span> <span class='ocrx_word' id='word_1_141' title='bbox 670 2002 767 2064; x_wconf 86' lang='lat' dir='ltr'><strong>quam</strong></span> <span class='ocrx_word' id='word_1_142' title='bbox 796 1980 945 2047; x_wconf 85' lang='lat' dir='ltr'><strong>fabuloso</strong></span> <span class='ocrx_word' id='word_1_143' title='bbox 976 1982 1092 2064; x_wconf 87' lang='lat' dir='ltr'><strong>poetae</strong></span> <span class='ocrx_word' id='word_1_144' title='bbox 1125 1974 1381 2061; x_wconf 84' lang='lat' dir='ltr'><strong>exprobraverat.</strong></span> 
     </span>
     <span class='ocr_line' id='line_1_17' title="bbox 212 2080 1382 2170; baseline -0.004 -22"><span class='ocrx_word' id='word_1_145' title='bbox 212 2082 370 2150; x_wconf 88' lang='lat' dir='ltr'><strong>Novimus</strong></span> <span class='ocrx_word' id='word_1_146' title='bbox 397 2090 563 2170; x_wconf 89' lang='lat' dir='ltr'><strong>praeterea</strong></span> <span class='ocrx_word' id='word_1_147' title='bbox 591 2089 770 2153; x_wconf 87' lang='lat' dir='ltr'><strong>orationem</strong></span> <span class='ocrx_word' id='word_1_148' title='bbox 796 2088 864 2153; x_wconf 88' lang='lat' dir='ltr'><strong>eius</strong></span> <span class='ocrx_word' id='word_1_149' title='bbox 885 2087 926 2152; x_wconf 91' lang='lat' dir='ltr'><strong>ad</strong></span> <span class='ocrx_word' id='word_1_150' title='bbox 946 2086 1080 2151; x_wconf 89' lang='lat' dir='ltr'><strong>Homeri</strong></span> <span class='ocrx_word' id='word_1_151' title='bbox 1100 2080 1382 2169; x_wconf 86' lang='lat' dir='ltr'><strong>reprehensionem</strong></span> 
     </span>
     <span class='ocr_line' id='line_1_18' title="bbox 149 2181 1383 2281; baseline -0.004 -26"><span class='ocrx_word' id='word_1_152' title='bbox 149 2197 197 2247; x_wconf 77' lang='lat'><strong>205</strong></span> <span class='ocrx_word' id='word_1_153' title='bbox 215 2191 438 2274; x_wconf 81' lang='lat' dir='ltr'><strong>pertinentem,</strong></span> <span class='ocrx_word' id='word_1_154' title='bbox 457 2195 547 2260; x_wconf 88' lang='lat' dir='ltr'><strong>ouius</strong></span> <span class='ocrx_word' id='word_1_155' title='bbox 561 2195 778 2281; x_wconf 84' lang='lat' dir='ltr'><strong>fragmentum</strong></span> <span class='ocrx_word' id='word_1_156' title='bbox 793 2195 930 2261; x_wconf 83' lang='lat' dir='ltr'><strong>servavit</strong></span> <span class='ocrx_word' id='word_1_157' title='bbox 944 2181 1051 2260; x_wconf 71' lang='lat' dir='ltr'><strong>schol&#39;</strong></span> <span class='ocrx_word' id='word_1_158' title='bbox 1060 2191 1139 2257; x_wconf 88' lang='lat' dir='ltr'><strong>Plat</strong></span> <span class='ocrx_word' id='word_1_159' title='bbox 1154 2191 1196 2256; x_wconf 88' lang='lat' dir='ltr'><strong>ad</strong></span> <span class='ocrx_word' id='word_1_160' title='bbox 1208 2184 1383 2274; x_wconf 87' lang='lat' dir='ltr'><strong>Hipparch</strong></span> 
     </span>
    </p>

    <p class='ocr_par' dir='ltr' id='par_1_3' title="bbox 214 2286 1385 3353">
     <span class='ocr_line' id='line_1_19' title="bbox 215 2286 1383 2387; baseline -0.007 -22"><span class='ocrx_word' id='word_1_161' title='bbox 215 2320 245 2382; x_wconf 94' lang='lat' dir='ltr'><strong>p.</strong></span> <span class='ocrx_word' id='word_1_162' title='bbox 268 2298 351 2366; x_wconf 74' lang='lat' dir='ltr'><strong>240b</strong></span> <span class='ocrx_word' id='word_1_163' title='bbox 374 2304 416 2387; x_wconf 87' lang='lat' dir='ltr'><strong>(p.</strong></span> <span class='ocrx_word' id='word_1_164' title='bbox 438 2306 498 2370; x_wconf 87' lang='grc'><strong>334</strong></span> <span class='ocrx_word' id='word_1_165' title='bbox 517 2300 602 2383; x_wconf 85' lang='lat' dir='ltr'><strong>Be.):</strong></span> <span class='ocrx_word' id='word_1_166' title='bbox 634 2300 766 2380; x_wconf 82' lang='grc' dir='ltr'><em>Ζωΐλος</em></span> <span class='ocrx_word' id='word_1_167' title='bbox 793 2299 828 2367; x_wconf 83' lang='grc' dir='ltr'><strong>ἐν</strong></span> <span class='ocrx_word' id='word_1_168' title='bbox 855 2304 903 2387; x_wconf 76' lang='grc' dir='ltr'><strong>τῷ</strong></span> <span class='ocrx_word' id='word_1_169' title='bbox 930 2294 977 2378; x_wconf 82' lang='grc' dir='ltr'><strong>εἰς</strong></span> <span class='ocrx_word' id='word_1_170' title='bbox 1002 2290 1209 2386; x_wconf 73' lang='grc' dir='ltr'><em>Πολύφημον</em></span> <span class='ocrx_word' id='word_1_171' title='bbox 1231 2286 1383 2380; x_wconf 78' lang='grc' dir='ltr'><em>ἐγκωμίῳ</em></span> 
     </span>
     <span class='ocr_line' id='line_1_20' title="bbox 214 2394 1381 2496; baseline -0.004 -26"><span class='ocrx_word' id='word_1_172' title='bbox 214 2401 327 2482; x_wconf 72' lang='lat' dir='ltr'><strong>„otro</strong></span> <span class='ocrx_word' id='word_1_173' title='bbox 351 2405 414 2492; x_wconf 83' lang='grc' dir='ltr'><strong>γὰρ</strong></span> <span class='ocrx_word' id='word_1_174' title='bbox 437 2402 724 2496; x_wconf 80' lang='grc' dir='ltr'><em>ὡμογνωμόνησαν</em></span> <span class='ocrx_word' id='word_1_175' title='bbox 745 2403 778 2474; x_wconf 79' lang='grc' dir='ltr'><strong>οὶ</strong></span> <span class='ocrx_word' id='word_1_176' title='bbox 799 2406 879 2474; x_wconf 76' lang='grc' dir='ltr'><em>θεοὶ</em></span> <span class='ocrx_word' id='word_1_177' title='bbox 900 2405 976 2494; x_wconf 81' lang='grc' dir='ltr'><em>περὶ</em></span> <span class='ocrx_word' id='word_1_178' title='bbox 997 2409 1057 2494; x_wconf 77' lang='grc' dir='ltr'><strong>τῆς</strong></span> <span class='ocrx_word' id='word_1_179' title='bbox 1073 2402 1236 2489; x_wconf 78' lang='grc' dir='ltr'><em>τιμωρίας</em></span> <span class='ocrx_word' id='word_1_180' title='bbox 1253 2394 1381 2486; x_wconf 78' lang='grc' dir='ltr'><em>ταύτης,</em></span> 
     </span>
     <span class='ocr_line' id='line_1_21' title="bbox 215 2501 1384 2598; baseline -0.003 -20"><span class='ocrx_word' id='word_1_181' title='bbox 215 2508 299 2579; x_wconf 75' lang='grc' dir='ltr'><strong>ὥστε</strong></span> <span class='ocrx_word' id='word_1_182' title='bbox 323 2509 496 2581; x_wconf 70' lang='grc' dir='ltr'><em>ποίντοδεν</em></span> <span class='ocrx_word' id='word_1_183' title='bbox 513 2509 691 2593; x_wconf 80' lang='grc' dir='ltr'><strong>Ὀδυσσεὺς</strong></span> <span class='ocrx_word' id='word_1_184' title='bbox 716 2512 800 2594; x_wconf 84' lang='grc' dir='ltr'><em>τέως</em></span> <span class='ocrx_word' id='word_1_185' title='bbox 827 2507 1015 2598; x_wconf 81' lang='grc' dir='ltr'><em>σωζόμενος</em></span> <span class='ocrx_word' id='word_1_186' title='bbox 1039 2509 1180 2590; x_wconf 84' lang='grc' dir='ltr'><em>καὶτὰς</em></span> <span class='ocrx_word' id='word_1_187' title='bbox 1205 2512 1288 2587; x_wconf 74' lang='grc' dir='ltr'><em>ναῦς</em></span> <span class='ocrx_word' id='word_1_188' title='bbox 1306 2501 1384 2574; x_wconf 82' lang='grc' dir='ltr'><strong><em>σίκε-</em></strong></span> 
     </span>
     <span class='ocr_line' id='line_1_22' title="bbox 215 2610 1385 2712; baseline -0.003 -27"><span class='ocrx_word' id='word_1_189' title='bbox 215 2616 330 2703; x_wconf 88' lang='grc' dir='ltr'><em>ραίοος</em></span> <span class='ocrx_word' id='word_1_190' title='bbox 343 2617 623 2707; x_wconf 78' lang='grc' dir='ltr'><em>περιποιούμενος</em></span> <span class='ocrx_word' id='word_1_191' title='bbox 635 2617 820 2712; x_wconf 77' lang='grc' dir='ltr'><em>περιοίφθη</em></span> <span class='ocrx_word' id='word_1_192' title='bbox 834 2621 917 2698; x_wconf 82' lang='grc' dir='ltr'><em>μετὰ</em></span> <span class='ocrx_word' id='word_1_193' title='bbox 931 2620 992 2710; x_wconf 81' lang='grc' dir='ltr'><strong>τὴν</strong></span> <span class='ocrx_word' id='word_1_194' title='bbox 1014 2614 1098 2704; x_wconf 79' lang='grc' dir='ltr'><em>ἄρδιν</em></span> <span class='ocrx_word' id='word_1_195' title='bbox 1117 2612 1187 2685; x_wconf 70' lang='lat' dir='ltr'><strong>tad</strong></span> <span class='ocrx_word' id='word_1_196' title='bbox 1206 2621 1268 2705; x_wconf 80' lang='grc' dir='ltr'><strong>τῆς</strong></span> <span class='ocrx_word' id='word_1_197' title='bbox 1278 2610 1385 2702; x_wconf 73' lang='grc' dir='ltr'><strong>Ἀθη-</strong></span> 
     </span>
     <span class='ocr_line' id='line_1_23' title="bbox 217 2723 1385 2817; baseline -0.009 -19"><span class='ocrx_word' id='word_1_198' title='bbox 217 2732 311 2806; x_wconf 83' lang='grc' dir='ltr'><strong>νᾶς“.</strong></span> <span class='ocrx_word' id='word_1_199' title='bbox 346 2730 418 2797; x_wconf 89' lang='grc' dir='ltr'><strong>Ηοο</strong></span> <span class='ocrx_word' id='word_1_200' title='bbox 433 2732 594 2816; x_wconf 84' lang='lat' dir='ltr'><strong>quantivis</strong></span> <span class='ocrx_word' id='word_1_201' title='bbox 616 2733 710 2817; x_wconf 91' lang='lat' dir='ltr'><strong>pretii</strong></span> <span class='ocrx_word' id='word_1_202' title='bbox 731 2731 907 2797; x_wconf 86' lang='lat' dir='ltr'><strong>frustulum</strong></span> <span class='ocrx_word' id='word_1_203' title='bbox 929 2729 1103 2796; x_wconf 82' lang='lat' dir='ltr'><strong>clarissime</strong></span> <span class='ocrx_word' id='word_1_204' title='bbox 1123 2726 1286 2813; x_wconf 86' lang='lat' dir='ltr'><strong>patefacit,</strong></span> <span class='ocrx_word' id='word_1_205' title='bbox 1309 2723 1385 2809; x_wconf 91' lang='lat' dir='ltr'><strong>quid</strong></span> 
     </span>
     <span class='ocr_line' id='line_1_24' title="bbox 216 2832 1384 2924; baseline -0.003 -25"><span class='ocrx_word' id='word_1_206' title='bbox 216 2836 251 2900; x_wconf 92' lang='lat' dir='ltr'><strong>in</strong></span> <span class='ocrx_word' id='word_1_207' title='bbox 264 2837 319 2902; x_wconf 85' lang='lat' dir='ltr'><strong>illa</strong></span> <span class='ocrx_word' id='word_1_208' title='bbox 333 2837 563 2905; x_wconf 85' lang='lat' dir='ltr'><strong>declamatione</strong></span> <span class='ocrx_word' id='word_1_209' title='bbox 585 2840 737 2905; x_wconf 86' lang='lat' dir='ltr'><strong>effecerit:</strong></span> <span class='ocrx_word' id='word_1_210' title='bbox 759 2838 907 2924; x_wconf 79' lang='lat' dir='ltr'><strong>Cyclopis</strong></span> <span class='ocrx_word' id='word_1_211' title='bbox 928 2838 1076 2923; x_wconf 88' lang='lat' dir='ltr'><strong>precibus</strong></span> <span class='ocrx_word' id='word_1_212' title='bbox 1099 2837 1124 2917; x_wconf 83' lang='grc' dir='ltr'><strong>(ι</strong></span> <span class='ocrx_word' id='word_1_213' title='bbox 1142 2837 1215 2917; x_wconf 81' lang='lat'>528)</span> <span class='ocrx_word' id='word_1_214' title='bbox 1237 2834 1284 2899; x_wconf 89' lang='lat' dir='ltr'><strong>ita</strong></span> <span class='ocrx_word' id='word_1_215' title='bbox 1297 2832 1384 2897; x_wconf 87' lang='lat' dir='ltr'><strong>Deos</strong></span> 
     </span>
     <span class='ocr_line' id='line_1_25' title="bbox 218 2941 1385 3026; baseline -0.003 -20"><span class='ocrx_word' id='word_1_216' title='bbox 218 2943 415 3010; x_wconf 88' lang='lat' dir='ltr'><strong>immortales</strong></span> <span class='ocrx_word' id='word_1_217' title='bbox 433 2951 611 3012; x_wconf 89' lang='lat' dir='ltr'><strong>commotos</strong></span> <span class='ocrx_word' id='word_1_218' title='bbox 627 2969 705 3026; x_wconf 89' lang='lat' dir='ltr'><strong>esse,</strong></span> <span class='ocrx_word' id='word_1_219' title='bbox 725 2950 763 3012; x_wconf 89' lang='lat' dir='ltr'><strong>nt</strong></span> <span class='ocrx_word' id='word_1_220' title='bbox 777 2969 849 3012; x_wconf 90' lang='lat' dir='ltr'><strong>cum</strong></span> <span class='ocrx_word' id='word_1_221' title='bbox 864 2950 959 3012; x_wconf 87' lang='lat' dir='ltr'><strong>antea</strong></span> <span class='ocrx_word' id='word_1_222' title='bbox 974 2967 1013 3010; x_wconf 86' lang='lat' dir='ltr'><strong>ex</strong></span> <span class='ocrx_word' id='word_1_223' title='bbox 1027 2944 1122 3009; x_wconf 87' lang='lat' dir='ltr'><strong>sociis</strong></span> <span class='ocrx_word' id='word_1_224' title='bbox 1144 2941 1275 3026; x_wconf 88' lang='lat' dir='ltr'><strong>quidem</strong></span> <span class='ocrx_word' id='word_1_225' title='bbox 1298 2961 1385 3005; x_wconf 91' lang='lat' dir='ltr'><strong>com·</strong></span> 
     </span>
     <span class='ocr_line' id='line_1_26' title="bbox 217 3048 1385 3135; baseline -0.003 -20"><span class='ocrx_word' id='word_1_226' title='bbox 217 3052 326 3135; x_wconf 87' lang='lat' dir='ltr'><strong>plures</strong></span> <span class='ocrx_word' id='word_1_227' title='bbox 339 3052 449 3118; x_wconf 86' lang='lat' dir='ltr'><strong>Ulixes</strong></span> <span class='ocrx_word' id='word_1_228' title='bbox 463 3053 631 3133; x_wconf 89' lang='lat' dir='ltr'><strong>amisisset,</strong></span> <span class='ocrx_word' id='word_1_229' title='bbox 652 3054 708 3118; x_wconf 90' lang='lat' dir='ltr'><strong>sed</strong></span> <span class='ocrx_word' id='word_1_230' title='bbox 723 3075 837 3118; x_wconf 88' lang='lat' dir='ltr'><strong>navem</strong></span> <span class='ocrx_word' id='word_1_231' title='bbox 852 3053 955 3118; x_wconf 87' lang='lat' dir='ltr'><strong>sdhuc</strong></span> <span class='ocrx_word' id='word_1_232' title='bbox 973 3050 1102 3128; x_wconf 89' lang='lat' dir='ltr'><strong>nullam,</strong></span> <span class='ocrx_word' id='word_1_233' title='bbox 1124 3049 1242 3115; x_wconf 87' lang='lat' dir='ltr'><strong>abhoc</strong></span> <span class='ocrx_word' id='word_1_234' title='bbox 1258 3048 1385 3112; x_wconf 90' lang='lat' dir='ltr'><strong>demum</strong></span> 
     </span>
     <span class='ocr_line' id='line_1_27' title="bbox 217 3156 1384 3242; baseline -0.004 -19"><span class='ocrx_word' id='word_1_235' title='bbox 217 3164 362 3242; x_wconf 86' lang='lat' dir='ltr'><strong>tempore</strong></span> <span class='ocrx_word' id='word_1_236' title='bbox 385 3159 535 3225; x_wconf 87' lang='lat' dir='ltr'><strong>omnibus</strong></span> <span class='ocrx_word' id='word_1_237' title='bbox 563 3163 596 3225; x_wconf 90' lang='lat' dir='ltr'><strong>et</strong></span> <span class='ocrx_word' id='word_1_238' title='bbox 616 3160 727 3225; x_wconf 87' lang='lat' dir='ltr'><strong>amieis</strong></span> <span class='ocrx_word' id='word_1_239' title='bbox 750 3163 783 3226; x_wconf 90' lang='lat' dir='ltr'><strong>et</strong></span> <span class='ocrx_word' id='word_1_240' title='bbox 802 3160 938 3225; x_wconf 83' lang='lat' dir='ltr'><strong>navibus</strong></span> <span class='ocrx_word' id='word_1_241' title='bbox 960 3160 1141 3225; x_wconf 86' lang='lat' dir='ltr'><strong>orbaretur:</strong></span> <span class='ocrx_word' id='word_1_242' title='bbox 1169 3156 1258 3240; x_wconf 90' lang='lat' dir='ltr'><strong>quod</strong></span> <span class='ocrx_word' id='word_1_243' title='bbox 1278 3156 1384 3239; x_wconf 89' lang='lat' dir='ltr'><strong>ipsum</strong></span> 
     </span>
     <span class='ocr_line' id='line_1_28' title="bbox 218 3264 1177 3353; baseline 0 -26"><span class='ocrx_word' id='word_1_244' title='bbox 218 3264 444 3350; x_wconf 87' lang='lat' dir='ltr'><strong>Polyphemus,</strong></span> <span class='ocrx_word' id='word_1_245' title='bbox 466 3265 525 3331; x_wconf 88' lang='lat' dir='ltr'><strong>Dis</strong></span> <span class='ocrx_word' id='word_1_246' title='bbox 548 3266 670 3333; x_wconf 88' lang='lat' dir='ltr'><strong>scilicet</strong></span> <span class='ocrx_word' id='word_1_247' title='bbox 690 3268 859 3353; x_wconf 87' lang='lat' dir='ltr'><strong>gratiosus,</strong></span> <span class='ocrx_word' id='word_1_248' title='bbox 880 3267 1075 3350; x_wconf 88' lang='lat' dir='ltr'><strong>imprecatus</strong></span> <span class='ocrx_word' id='word_1_249' title='bbox 1097 3267 1177 3329; x_wconf 88' lang='lat' dir='ltr'><strong>erat:</strong></span> 
     </span>
    </p>

    <p class='ocr_par' dir='ltr' id='par_1_4' title="bbox 343 3364 1236 3460">
     <span class='ocr_line' id='line_1_29' title="bbox 343 3364 1236 3460; baseline -0.002 -24"><span class='ocrx_word' id='word_1_250' title='bbox 343 3370 402 3449; x_wconf 90' lang='grc' dir='ltr'><strong>δὸς</strong></span> <span class='ocrx_word' id='word_1_251' title='bbox 421 3369 466 3459; x_wconf 80' lang='grc' dir='ltr'><em>μὴ</em></span> <span class='ocrx_word' id='word_1_252' title='bbox 488 3365 656 3460; x_wconf 77' lang='grc' dir='ltr'><strong><em>Ὀδυσσῆα</em></strong></span> <span class='ocrx_word' id='word_1_253' title='bbox 677 3367 930 3455; x_wconf 70' lang='grc' dir='ltr'><em>πτολιπόρθιον</em></span> <span class='ocrx_word' id='word_1_254' title='bbox 951 3364 1062 3436; x_wconf 78' lang='grc' dir='ltr'><strong><em>οἴκαδ’</em></strong></span> <span class='ocrx_word' id='word_1_255' title='bbox 1085 3365 1236 3435; x_wconf 68' lang='grc' dir='ltr'><strong><em>ἱκέσθαι·</em></strong></span> 
     </span>
    </p>

    <p class='ocr_par' dir='ltr' id='par_1_5' title="bbox 344 3469 1280 3568">
     <span class='ocr_line' id='line_1_30' title="bbox 344 3469 1280 3568; baseline -0.005 -24"><span class='ocrx_word' id='word_1_256' title='bbox 344 3472 417 3544; x_wconf 77' lang='grc' dir='ltr'><strong>ἀλλ’</strong></span> <span class='ocrx_word' id='word_1_257' title='bbox 441 3472 477 3544; x_wconf 76' lang='grc' dir='ltr'><strong>εἶ’</strong></span> <span class='ocrx_word' id='word_1_258' title='bbox 494 3473 527 3545; x_wconf 80' lang='lat' dir='ltr'><strong>ci</strong></span> <span class='ocrx_word' id='word_1_259' title='bbox 546 3473 634 3567; x_wconf 84' lang='grc' dir='ltr'><em>μοῖρ’</em></span> <span class='ocrx_word' id='word_1_260' title='bbox 658 3475 727 3546; x_wconf 76' lang='grc' dir='ltr'><strong>ἐστὶ</strong></span> <span class='ocrx_word' id='word_1_261' title='bbox 749 3475 870 3568; x_wconf 78' lang='grc' dir='ltr'><em>φίλους</em></span> <span class='ocrx_word' id='word_1_262' title='bbox 889 3471 916 3544; x_wconf 75' lang='grc' dir='ltr'><strong>τ’</strong></span> <span class='ocrx_word' id='word_1_263' title='bbox 941 3471 1044 3543; x_wconf 80' lang='grc' dir='ltr'><em>ἰδίειν</em></span> <span class='ocrx_word' id='word_1_264' title='bbox 1065 3473 1122 3542; x_wconf 86' lang='grc' dir='ltr'><strong>καὶ</strong></span> <span class='ocrx_word' id='word_1_265' title='bbox 1142 3469 1280 3541; x_wconf 73' lang='grc' dir='ltr'><strong><em>ἱκέσθαι</em></strong></span> 
     </span>
    </p>

    <p class='ocr_par' dir='ltr' id='par_1_6' title="bbox 344 3576 1156 3674">
     <span class='ocr_line' id='line_1_31' title="bbox 344 3576 1156 3674; baseline -0.004 -23"><span class='ocrx_word' id='word_1_266' title='bbox 344 3576 436 3653; x_wconf 84' lang='grc' dir='ltr'><em>οἶκον</em></span> <span class='ocrx_word' id='word_1_267' title='bbox 458 3581 724 3671; x_wconf 67' lang='lat' dir='ltr'><strong>dissipaverunt</strong></span> <span class='ocrx_word' id='word_1_268' title='bbox 745 3582 802 3674; x_wconf 76' lang='grc' dir='ltr'><strong>ἑὴν</strong></span> <span class='ocrx_word' id='word_1_269' title='bbox 824 3584 859 3666; x_wconf 81' lang='grc' dir='ltr'><strong>ἐς</strong></span> <span class='ocrx_word' id='word_1_270' title='bbox 878 3581 1025 3672; x_wconf 80' lang='grc' dir='ltr'><strong>πατρίδα</strong></span> <span class='ocrx_word' id='word_1_271' title='bbox 1048 3589 1156 3670; x_wconf 83' lang='grc' dir='ltr'><em>γαῖαν,</em></span> 
     </span>
    </p>

    <p class='ocr_par' dir='ltr' id='par_1_7' title="bbox 344 3684 1238 3782">
     <span class='ocr_line' id='line_1_32' title="bbox 344 3684 1238 3782; baseline -0.002 -25"><span class='ocrx_word' id='word_1_272' title='bbox 344 3684 411 3782; x_wconf 59' lang='lat' dir='ltr'><strong>deti</strong></span> <span class='ocrx_word' id='word_1_273' title='bbox 431 3697 543 3772; x_wconf 81' lang='grc' dir='ltr'><em>κακῶς</em></span> <span class='ocrx_word' id='word_1_274' title='bbox 562 3689 673 3773; x_wconf 63' lang='grc' dir='ltr'><strong><em>ἔλθοι,</em></strong></span> <span class='ocrx_word' id='word_1_275' title='bbox 697 3689 818 3773; x_wconf 81' lang='grc' dir='ltr'><strong><em>ὀλέσας</em></strong></span> <span class='ocrx_word' id='word_1_276' title='bbox 839 3688 909 3760; x_wconf 86' lang='grc' dir='ltr'><strong>δίπο</strong></span> <span class='ocrx_word' id='word_1_277' title='bbox 931 3686 1059 3771; x_wconf 78' lang='grc' dir='ltr'><em>πάντας</em></span> <span class='ocrx_word' id='word_1_278' title='bbox 1079 3685 1238 3776; x_wconf 78' lang='grc' dir='ltr'><em>ἑταίρους,</em></span> 
     </span>
    </p>

    <p class='ocr_par' dir='ltr' id='par_1_8' title="bbox 343 3792 1260 3890">
     <span class='ocr_line' id='line_1_33' title="bbox 343 3792 1260 3890; baseline -0.001 -26"><span class='ocrx_word' id='word_1_279' title='bbox 343 3798 421 3888; x_wconf 83' lang='grc' dir='ltr'><em>νηὸς</em></span> <span class='ocrx_word' id='word_1_280' title='bbox 442 3792 494 3866; x_wconf 78' lang='grc' dir='ltr'><strong>ἐπ’</strong></span> <span class='ocrx_word' id='word_1_281' title='bbox 516 3794 702 3890; x_wconf 76' lang='grc' dir='ltr'><em>ἀλλοτρίης,</em></span> <span class='ocrx_word' id='word_1_282' title='bbox 726 3799 817 3888; x_wconf 81' lang='grc' dir='ltr'><em>είίροι</em></span> <span class='ocrx_word' id='word_1_283' title='bbox 840 3795 871 3867; x_wconf 79' lang='grc' dir='ltr'><strong>δ’</strong></span> <span class='ocrx_word' id='word_1_284' title='bbox 896 3799 931 3868; x_wconf 79' lang='grc' dir='ltr'><strong>ἐν</strong></span> <span class='ocrx_word' id='word_1_285' title='bbox 949 3793 1090 3889; x_wconf 77' lang='grc' dir='ltr'><em>πήματα</em></span> <span class='ocrx_word' id='word_1_286' title='bbox 1112 3792 1260 3886; x_wconf 73' lang='lat' dir='ltr'><strong>c’e&#39;rp124.</strong></span> 
     </span>
    </p>
   </div>
   <div class='ocr_carea' id='block_1_3' title="bbox 222 4010 1392 4441">
    <p class='ocr_par' dir='ltr' id='par_1_9' title="bbox 222 4010 1392 4441">
     <span class='ocr_line' id='line_1_34' title="bbox 290 4010 1389 4089; baseline -0.005 -16"><span class='ocrx_word' id='word_1_287' title='bbox 290 4017 327 4059; x_wconf 78' lang='lat'><strong>¹2³</strong></span> <span class='ocrx_word' id='word_1_288' title='bbox 344 4017 483 4082; x_wconf 84' lang='lat' dir='ltr'><strong>‚‚Strabon</strong></span> <span class='ocrx_word' id='word_1_289' title='bbox 501 4036 518 4074; x_wconf 88' lang='lat' dir='ltr'><strong>a</strong></span> <span class='ocrx_word' id='word_1_290' title='bbox 536 4022 682 4089; x_wconf 77' lang='lat' dir='ltr'><strong>remarqud</strong></span> <span class='ocrx_word' id='word_1_291' title='bbox 700 4022 774 4075; x_wconf 87' lang='lat' dir='ltr'><strong>cette</strong></span> <span class='ocrx_word' id='word_1_292' title='bbox 791 4020 880 4074; x_wconf 80' lang='lat' dir='ltr'><strong>bdvue</strong></span> <span class='ocrx_word' id='word_1_293' title='bbox 903 4034 1010 4073; x_wconf 87' lang='lat' dir='ltr'><strong>comme</strong></span> <span class='ocrx_word' id='word_1_294' title='bbox 1033 4015 1154 4087; x_wconf 85' lang='lat' dir='ltr'><strong>quelque</strong></span> <span class='ocrx_word' id='word_1_295' title='bbox 1172 4015 1254 4069; x_wconf 91' lang='lat' dir='ltr'><strong>chose</strong></span> <span class='ocrx_word' id='word_1_296' title='bbox 1272 4013 1307 4069; x_wconf 92' lang='lat' dir='ltr'><strong>de</strong></span> <span class='ocrx_word' id='word_1_297' title='bbox 1322 4010 1389 4083; x_wconf 86' lang='lat' dir='ltr'><strong>plai-</strong></span> 
     </span>
     <span class='ocr_line' id='line_1_35' title="bbox 222 4099 1390 4174; baseline -0.005 -17"><span class='ocrx_word' id='word_1_298' title='bbox 222 4105 286 4158; x_wconf 90' lang='lat' dir='ltr'><strong>sant</strong></span> <span class='ocrx_word' id='word_1_299' title='bbox 302 4102 371 4157; x_wconf 89' lang='lat' dir='ltr'><strong>dans</strong></span> <span class='ocrx_word' id='word_1_300' title='bbox 389 4120 428 4159; x_wconf 89' lang='lat' dir='ltr'><strong>un</strong></span> <span class='ocrx_word' id='word_1_301' title='bbox 445 4102 578 4167; x_wconf 71' lang='lat' dir='ltr'><strong>commin,</strong></span> <span class='ocrx_word' id='word_1_302' title='bbox 601 4105 650 4174; x_wconf 90' lang='lat' dir='ltr'><strong>qui</strong></span> <span class='ocrx_word' id='word_1_303' title='bbox 666 4105 760 4160; x_wconf 85' lang='lat' dir='ltr'><strong>s’e&#39;toit</strong></span> <span class='ocrx_word' id='word_1_304' title='bbox 777 4105 878 4173; x_wconf 79' lang='lat' dir='ltr'><strong>meque</strong></span> <span class='ocrx_word' id='word_1_305' title='bbox 895 4103 1043 4158; x_wconf 79' lang='lat' dir='ltr'><strong>d&#39;Homere</strong></span> <span class='ocrx_word' id='word_1_306' title='bbox 1065 4115 1172 4154; x_wconf 91' lang='lat' dir='ltr'><strong>comme</strong></span> <span class='ocrx_word' id='word_1_307' title='bbox 1191 4099 1258 4154; x_wconf 86' lang='lat' dir='ltr'><strong>d&#39;un</strong></span> <span class='ocrx_word' id='word_1_308' title='bbox 1275 4100 1390 4153; x_wconf 83' lang='lat' dir='ltr'><strong>oonteur</strong></span> 
     </span>
     <span class='ocr_line' id='line_1_36' title="bbox 223 4187 1391 4342; baseline -0.006 -15"><span class='ocrx_word' id='word_1_309' title='bbox 223 4187 258 4242; x_wconf 64' lang='lat' dir='ltr'><strong>de</strong></span> <span class='ocrx_word' id='word_1_310' title='bbox 275 4187 409 4326; x_wconf 55' lang='grc' dir='ltr'><strong><em>Ἓθίδαο</em></strong></span> <span class='ocrx_word' id='word_1_311' title='bbox 431 4274 526 4326; x_wconf 86' lang='lat' dir='ltr'><strong>tamen</strong></span> <span class='ocrx_word' id='word_1_312' title='bbox 552 4272 696 4328; x_wconf 89' lang='lat' dir='ltr'><strong>rhetorum</strong></span> <span class='ocrx_word' id='word_1_313' title='bbox 720 4288 811 4342; x_wconf 83' lang='lat' dir='ltr'><strong>nugae</strong></span> <span class='ocrx_word' id='word_1_314' title='bbox 833 4270 965 4325; x_wconf 85' lang='lat' dir='ltr'><strong>videntur</strong></span> <span class='ocrx_word' id='word_1_315' title='bbox 986 4268 1125 4322; x_wconf 87' lang='lat' dir='ltr'><strong>adducere</strong></span> <span class='ocrx_word' id='word_1_316' title='bbox 1151 4266 1274 4337; x_wconf 85' lang='lat' dir='ltr'><strong>potuisse</strong></span> <span class='ocrx_word' id='word_1_317' title='bbox 1296 4266 1391 4336; x_wconf 89' lang='lat' dir='ltr'><strong>lepida</strong></span> 
     </span>
     <span class='ocr_line' id='line_1_37' title="bbox 224 4350 1392 4441; baseline -0.004 -31"><span class='ocrx_word' id='word_1_318' title='bbox 224 4356 449 4426; x_wconf 81' lang='lat' dir='ltr'><strong>mythologorum</strong></span> <span class='ocrx_word' id='word_1_319' title='bbox 471 4354 577 4426; x_wconf 86' lang='lat' dir='ltr'><strong>capita,</strong></span> <span class='ocrx_word' id='word_1_320' title='bbox 599 4358 632 4411; x_wconf 92' lang='lat' dir='ltr'><strong>ut</strong></span> <span class='ocrx_word' id='word_1_321' title='bbox 653 4355 698 4412; x_wconf 89' lang='lat' dir='ltr'><strong>vel</strong></span> <span class='ocrx_word' id='word_1_322' title='bbox 714 4356 785 4412; x_wconf 90' lang='lat' dir='ltr'><strong>serio</strong></span> <span class='ocrx_word' id='word_1_323' title='bbox 803 4354 952 4425; x_wconf 81' lang='lat' dir='ltr'><strong>Cyclopem</strong></span> <span class='ocrx_word' id='word_1_324' title='bbox 969 4369 1021 4422; x_wconf 89' lang='lat' dir='ltr'><strong>pro</strong></span> <span class='ocrx_word' id='word_1_325' title='bbox 1044 4351 1181 4422; x_wconf 89' lang='lat' dir='ltr'><strong>prudente</strong></span> <span class='ocrx_word' id='word_1_326' title='bbox 1197 4350 1312 4441; x_wconf 76' lang='lat' dir='ltr'><strong>homine</strong></span> <span class='ocrx_word' id='word_1_327' title='bbox 1328 4367 1392 4406; x_wconf 85' lang='lat' dir='ltr'><strong>ven·</strong></span> 
     </span>
    </p>
   </div>
   <div class='ocr_carea' id='block_1_4' title="bbox 0 0 1524 4980">
    <p class='ocr_par' dir='ltr' id='par_1_10' title="bbox 0 0 1524 4980">
     <span class='ocr_line' id='line_1_38' title="bbox 0 0 1524 4980; baseline 0 0"><span class='ocrx_word' id='word_1_328' title='bbox 0 0 1524 4980; x_wconf 95' lang='lat' dir='ltr'><strong> </strong></span> 
     </span>
    </p>
   </div>
  </div>
 </body>
</html>
