3008 4980
201 309 259 372 118
280 301 314 354 Π,
343 301 385 355 De
401 300 578 357 Aristarchea
594 301 794 357 vocabulorum
813 300 1024 357 Homericomm
1039 299 1286 371 interpretatione.

197 465 336 554 μηδέπω
353 463 549 550 καχλόζοντι
561 467 619 535 καὶ
640 463 859 535 ἄποπελοῦννι
879 461 975 555 ἠχήν·
997 465 1136 553 μηδέπω
1155 465 1217 554 γὰρ
1243 461 1371 550 ἀνέμου

199 570 368 659 εὐκρινοῦς
388 568 482 655 imag
496 576 534 646 τὸ
556 582 644 661 κῦμα
658 572 783 664 ἠρεμεῖ.
819 578 891 643 Ηοο
906 601 991 643 nunc
1006 578 1102 642 etiam
1117 578 1163 642 sic
1182 576 1372 662 explicatur,

199 687 255 750 sed
276 708 342 752 nou
364 691 519 753 accurate.
563 680 675 772 κωφὸν
696 688 784 767 κῦμα
805 707 871 750 non
892 689 983 750 muta
1004 684 1168 766 ostonde,
1190 684 1249 750 sed
1269 706 1369 750 rauco

199 816 279 858 sono
306 817 522 871 murmurans,
558 794 645 879 quod
673 816 774 858 unum
799 793 857 857 illo
887 792 960 858 loco
983 793 1127 877 quadrat.
1180 789 1253 857 Nec
1275 792 1307 854 Ω
1331 798 1371 858 54

198 905 284 966 terra
310 906 405 966 tunsa
429 905 519 967 muta
540 905 589 966 est
610 903 667 966 sed
688 923 821 966 raucum
843 901 909 965 edit
930 922 1056 967 sonum.
1101 899 1371 984 Quod-Orpheus

200 1009 280 1074 dixit
308 1010 346 1074 de
373 1011 452 1074 mari
481 1008 654 1093 tranquillo
680 1009 817 1092 loquens
838 1008 928 1093 (Arg.
953 1011 1042 1091 1108)
1064 1003 1164 1093 κωφὰ
1187 1003 1224 1070 δὲ
1246 1000 1372 1083 πόντος

199 1109 298 1194 κεῖθ’,
320 1118 353 1181 id
374 1116 515 1182 alienum
536 1118 576 1181 ab
598 1116 787 1182 Homero⁶².
823 1114 906 1179 Item
926 1110 1023 1202 κωφὴ
1047 1106 1171 1201 γαλήνη
1194 1137 1243 1198 ap.
1258 1112 1370 1180 Noun.

197 1223 250 1288 XL
273 1228 341 1290 348.

669 1375 899 1387 m·—

694 1562 735 1636 Ὦ
757 1566 865 1637 πόποι

198 1746 265 1788 non
291 1723 452 1808 significat
477 1745 513 1804 „o
536 1723 598 1787 du:
626 1746 701 1788 nam
727 1723 789 1787 hoc
815 1724 843 1789 si
869 1723 1065 1808 significaret
1086 1723 1173 1788 haud
1193 1722 1370 1789 verisimile

198 1829 307 1897 lovem
333 1831 393 1894 hac
415 1829 646 1895 exclamatione
668 1853 801 1895 usurum
821 1830 929 1895 fuisse.
973 1828 1018 1897 Ut
1038 1830 1076 1894 fit
1096 1833 1132 1893 H
1153 1836 1224 1897 455.
1256 1852 1274 1891 ν
1301 1837 1369 1898 140.

198 1937 303 2001 Testis
323 1936 553 2029 Theognostus
576 1959 688 2004 canon.
709 1962 760 2022 ap.
775 1939 961 2005 Crumerum
982 1936 1018 2002 Τ.
1033 1936 1065 2002 Π
1085 1961 1116 2023 p.
1134 1942 1202 2004 158.
1239 1936 1370 2003 Tenue-

196 2047 272 2108 runt
289 2043 351 2108 hoc
373 2045 495 2128 optimi,
516 2048 553 2110 ut
576 2045 785 2130 Apollonius„
805 2046 1024 2111 Herodianus:
1049 2045 1106 2110 sed
1128 2045 1236 2129 Apion
1257 2048 1297 2111 ut
1317 2068 1370 2111 ex-

198 2154 330 2235 spectes.
366 2151 503 2237 Hesyoh.
541 2149 668 2218 πόποι.·
703 2155 826 2218 παπαῖ.
876 2147 1076 2242 ἐπίφθεγμα
1111 2146 1368 2232 οχετλιαοεικόν.

194 2251 323 2321 Ἀπίων
339 2254 376 2322 δέ
396 2280 507 2346 φησιν,
534 2255 587 2325 ὅτι
607 2263 693 2347 (cod.
710 2255 757 2346 oi>
774 2255 931 2343 δαίμονές
948 2253 1013 2324 εἰσι
1033 2253 1145 2325 πόποι
1159 2256 1215 2323 καὶ
1230 2253 1319 2324 ἔστιν
1341 2249 1370 2324 ιδ

135 2385 181 2436 119
201 2359 364 2447 δαίμονες.
401 2367 489 2446 Quos
503 2367 557 2433 ille
573 2364 736 2450 δαίμονας
749 2369 938 2434 Homericos
954 2361 1088 2444 πόπους
1101 2367 1272 2454 putaverit,
1289 2367 1368 2453 Scy-

197 2474 327 2539 tharum
340 2466 531 2558 ἆγαλμάοιό
546 2499 620 2540 τινα
633 2479 698 2539 τῶν
714 2479 804 2539 θεῶν
817 2469 977 2560 ὑπόγαια,
999 2499 1041 2542 an
1055 2470 1188 2551 πόπους
1201 2475 1370 2561 Dryopum

198 2578 282 2645 κατὰ
315 2578 417 2661 λέξιν,
454 2607 494 2648 an
526 2584 744 2670 Euphorionis
780 2589 812 2650 et
841 2584 1133 2650 Alexandrinorum
1164 2582 1216 2667 (de
1250 2583 1369 2667 quibus

199 2690 348 2755 omnibus
369 2691 555 2757 testimonia
581 2692 716 2758 collecta
741 2693 843 2758 habes
865 2692 905 2756 ad
926 2690 1079 2776 Hesychii
1100 2691 1207 2755 locum
1230 2695 1263 2755 et
1283 2693 1369 2776 apud

197 2797 395 2863 Meinekium
415 2799 508 2865 Anal.
530 2801 580 2865 Al.
602 2824 632 2887 p.
658 2803 728 2882 128)
750 2799 918 2864 nescimus.
943 2836 985 2844 -
1011 2798 1106 2877 Quod
1134 2798 1175 2863 nd
1200 2802 1369 2864 accentum

198 2906 325 2984 attinet,
352 2907 469 2972 mirum
492 2911 552 2987 est,
583 2909 669 2992 quod
689 2908 985 2987 animadvertimus,
1013 2906 1060 2971 ita
1085 2906 1178 2971 illum
1200 2911 1369 2973 accentum

197 3013 325 3077 firmum
346 3014 453 3092 fuisse,
476 3019 508 3080 et
528 3019 619 3099 patet
638 3017 702 3080 iam
716 3014 903 3080 Aristarcho
924 3014 1052 3078 firmum
1072 3014 1181 3092 fuisse,
1201 3018 1239 3079 ut
1254 3037 1368 3099 quam·

199 3144 294 3205 quam
318 3122 505 3187 abnormem
526 3123 713 3200 iudicarent,
737 3123 812 3207 quia
834 3121 1020 3206 ceteroquin
1041 3121 1222 3186 interiectio
1243 3123 1364 3199 ποποῖ,

197 3233 235 3292 ut
256 3232 387 3306 παπαῖ,
421 3230 712 3296 circumflexionem
738 3230 931 3314 postularet,
961 3251 1056 3295 nemo
1077 3233 1185 3295 tamen
1207 3252 1302 3295 ausus
1325 3231 1368 3295 sit

197 3335 232 3398 in
252 3337 313 3400 hac
339 3335 478 3401 formula
504 3337 549 3401 sic
579 3337 725 3404 scribere.
775 3337 839 3402 Sed
867 3332 905 3400 τὸ
934 3332 971 3400 δέ
996 3326 1024 3400 ὦ
1049 3331 1160 3401 πόποι
1184 3335 1369 3422 σημειῶδες

198 3443 325 3526 saepius
351 3444 507 3510 audimus.
532 3468 560 3510 v.
580 3444 732 3530 Apollon.
760 3445 828 3511 adv.
850 3449 920 3511 537.
946 3450 1015 3512 588.
1057 3445 1176 3509 Herod.
1202 3442 1248 3509 Ιο.
1275 3444 1365 3509 Alex.

197 3573 228 3633 p.
247 3554 296 3617 36.
340 3549 539 3637 Theogncst.
561 3574 628 3619 can.
652 3557 719 3619 158.
741 3550 848 3618 Schol.
870 3551 966 3616 Dion.
989 3571 1035 3636 gr.
1058 3558 1127 3620 946.
1163 3551 1366 3636 Epimerism.

198 3655 293 3721 Hom.
318 3665 376 3724 447
397 3659 449 3724 vel
470 3659 611 3744 Etymol.
632 3659 676 3724 M.
700 3664 769 3727 823.
805 3659 954 3727 Eustath.
977 3665 1030 3739 98,
1053 3667 1106 3739 41,
1127 3659 1185 3724 ubi
1206 3648 1234 3723 ὦ
1255 3653 1367 3724 πόποι

197 3830 406 3838 --.-.-..

264 3926 289 3966 ⁶2
307 3925 423 3994 Κωφός,
443 3925 518 3994 quod
531 3923 805 3994 onomatopoeticum
819 3928 867 3989 est,
885 3925 921 3979 ab
933 3923 1014 3980 initio
1028 3924 1135 3980 dictum
1155 3926 1190 3980 de
1208 3926 1290 3980 rebus
1308 3943 1366 3981 non

198 4008 328 4078 clangore
350 4009 398 4063 sed
420 4027 560 4064 murmure
582 4026 661 4063 aures
678 4008 849 4064 ferientibus.
880 4008 953 4064 Hinc
971 4013 1046 4077 κῦμα
1064 4003 1181 4078 κωφόν,
1198 4009 1257 4064 sim.
1292 4011 1366 4066 Hinc

198 4093 275 4163 ipsae
287 4111 366 4148 aures
377 4094 416 4148 sic
434 4095 533 4158 dictae,
552 4095 580 4147 h.
598 4110 621 4148 e.
638 4092 668 4146 in
687 4092 787 4162 quibus
804 4112 855 4162 pro
873 4094 946 4148 claro
965 4096 993 4149 et
1012 4110 1138 4164 expresso
1156 4112 1222 4149 sono
1241 4114 1378 4170 murmur¹

198 4181 251 4243 est,
276 4178 319 4233 uti
337 4196 435 4234 caecus
452 4179 568 4233 erebus
586 4178 622 4232 cd
640 4178 733 4233 oculos
750 4178 924 4233 translatum.
960 4177 1032 4234 Item
1049 4182 1125 4234 recte
1143 4178 1183 4234 sic
1200 4179 1269 4236 dicti
1286 4181 1366 4248 muti,

197 4262 308 4333 proprie
325 4264 509 4319 mussitantes.
553 4263 624 4317 Tum
645 4263 813 4317 translatum
830 4263 865 4317 cb
883 4264 996 4319 auribus
1019 4267 1049 4319 et
1070 4263 1147 4320 dicta
1168 4266 1256 4334 κωφοί
1279 4266 1366 4321 otiam

198 4366 269 4418 quae
287 4349 355 4404 alios
372 4366 466 4405 sensus
483 4365 540 4404 non
557 4365 607 4403 sua
623 4344 799 4416 vi'tangunt,
817 4351 849 4402 ut
867 4342 954 4419 κωφοὶ
971 4347 1049 4419 βέλη.
