3008 4980
216 309 257 370 20
497 303 519 356 L
548 301 589 356 De
606 302 730 357 fontitus
747 302 890 358 doctrinae
907 301 1107 357 Aristarcheae.

216 469 331 532 citatis.
371 467 444 534 Sch.
471 470 583 537 0246
604 462 865 555 όλιγοδρανείον.ο
884 468 922 538 τὸ
944 462 1171 554 ὀλιγηπελέων
1190 459 1389 552 μετείληφεν

216 576 293 661 (leg.
316 570 386 641 ἀπὸ
408 578 467 640 τοῦ
488 569 714 662 ὀλιγηπελέων
736 573 968 666 μετείληπται,
990 582 1028 643 ατ
1046 577 1168 641 habent
1188 574 1266 658 BL).
1309 573 1388 638 Por·

216 683 305 767 phyr.
328 706 382 767 qu.
409 683 505 751 Hom.
527 691 547 753 3
568 679 616 762 τός
643 675 704 751 οὖν
732 679 901 763 ἀελλόπος
921 679 941 773 ἡ
959 675 1038 767 Ἰρις
1058 680 1200 766 λέγεται,
1224 673 1262 766 ἢν
1285 703 1389 762 μετα-

151 792 206 862 (23)
218 786 329 873 λαβὼν
349 790 537 877 ποδάνεμον
557 786 828 879 προσηγόρευκεν.
876 793 937 871 Qu.
963 799 983 859 2
1010 783 1029 855 t*
1057 788 1118 872 γὰρ
1154 779 1247 852 εἶπεν
1275 778 1390 875 ’,ἦλθε

215 895 275 978 μὲν
295 891 397 976 αὐτὸς
415 896 500 977 ζωὸς
520 895 697 987 ἐφέστιος(
715 899 913 982 μεταλαβών
932 894 997 988 ἔφη
1020 889 1124 986 „ps
1147 890 1303 972 Ὀδυσεὺς
1332 892 1390 960 καί

217 995 310 1069 οἷκον
331 999 515 1071 ίκάνεται.“
557 1008 620 1073 Vel
639 1010 912 1093 praepositionem
934 1008 1090 1072 adsciscit.
1134 1004 1223 1082 Quae
1247 1004 1389 1090 plerum·

215 1136 279 1198 que
313 1118 363 1179 est
398 1107 453 1191 είς.
494 1121 532 1179 Α
554 1122 616 1183 567
648 1109 814 1193 άάπτονςε
855 1110 873 1180 ὃ
906 1112 943 1180 δὲ
979 1113 1163 1199 Ζηνόδοτος
1198 1109 1256 1176 καί
1290 1105 1391 1186 αὐτὸς

217 1214 344 1301 ὁμοίως
368 1226 416 1307 τῷ
437 1218 611 1304 πνεύματι,
639 1216 765 1299 εἰςτὰς
786 1216 920 1306 ἰσχυρὰς
942 1218 979 1286 δὲ
998 1215 1252 1304 μετελάμβανεν.
1299 1219 1328 1282 0
1352 1225 1390 1285 10

216 1321 326 1393 είατοτ
347 1323 560 1414 Ἀρίσταρχος
585 1328 836 1414 μεταλαμβάνει
864 1324 912 1408 είς
934 1328 973 1395 τὸ
1004 1325 1160 1415 ὑπῆρχον.
1202 1331 1242 1392 A
1265 1334 1324 1394 114
1350 1317 1391 1389 eii

216 1431 311 1502 ἓδεντ
350 1435 451 1515 οὕτως
486 1432 699 1523 όξνῑονητέον
729 1436 791 1524 τὴν
824 1431 864 1504 cii
896 1432 1091 1526 ἀπόφασιν,
1124 1430 1164 1499 ἵν’
1199 1429 1246 1512 εἰς
1278 1426 1391 1520 διπλῆν

215 1546 419 1635 μεταληφθῇ
441 1539 648 1628 άντωνομίαν
677 1543 951 1634 <μεταληφθῐγναι
973 1540 1179 1626 άντωννμίαν
1199 1544 1283 1622 coci,
1308 1564 1389 1607 corr.

215 1652 343 1738 Beki).
399 1657 517 1721 0146.
560 1655 710 1739 Apollon.
745 1660 868 1740 syntax.
897 1662 970 1732 152,
1001 1663 1026 1721 1.
1059 1659 1130 1731 153,
1156 1659 1184 1720 6.
1232 1650 1297 1717 Sed
1318 1671 1390 1714 sex-

217 1765 311 1824 centa
339 1760 485 1846 exempla
515 1766 599 1826 sunt
644 1761 713 1826 Iam
740 1763 857 1827 dicitur
883 1764 981 1828 etiam
1006 1754 1276 1842 μεταλαμβάνειν
1302 1749 1388 1831 ἀντί,

217 1868 275 1931 εει]
307 1869 467 1932 contraria
505 1871 644 1948 ratione,
683 1892 780 1953 quam
818 1892 856 1935 eo
886 1871 975 1948 loco,
1016 1869 1051 1932 in
1085 1890 1150 1951 quo
1186 1888 1247 1931 nos
1281 1885 1391 1929 versa·

215 1997 295 2038 mur.
338 1975 392 2041 Sic
417 1977 518 2042 schol.
545 1978 677 2042 Aiisfic
707 2002 738 2063 p.
760 1987 830 2059 441,
852 1983 890 2043 31
916 1975 975 2064 τὴν
1001 1972 1039 2040 δὲ
1065 1970 1179 2057 ἑτέραν
1203 1970 1392 2037 σπουδαῖον

170 2092 202 2144 20
216 2079 272 2144 καί
293 2078 415 2147 καλάνι
443 2081 481 2148 τὸ
509 2087 617 2171 σχῆμα
642 2083 889 2170 μεταληπτικὸν
918 2087 979 2148 τοῦ
1013 2075 1131 2165 λόγου·
1159 2073 1196 2146 οὗ
1226 2077 1287 2164 γάρ
1316 2069 1391 2143 εἶπε

214 2182 414 2267 σπουδαίαν,
439 2182 525 2254 ἀλλὰ
542 2191 738 2275 σπουδαῖον,
759 2191 797 2258 τὸ
819 2195 957 2275 πρᾶγμα
975 2187 1174 2273 μεταβαλὼν
1196 2190 1228 2271 (l-
1243 2185 1390 2264 μεταλα-

214 2292 295 2377 βών)
327 2289 399 2361 άντί
435 2292 615 2381 ὀνόματος,
652 2302 683 2365 h.
706 2324 730 2365 e.
766 2295 1014 2382 μεταλαμβάνει
1051 2296 1089 2364 τὸ
1126 2290 1233 2378 όνομα
1268 2288 1317 2370 είς
1350 2291 1389 2359 τὸ

214 2405 362 2486 πρᾶγμα.
405 2405 452 2472 cf.
468 2408 676 2491 antiquorum
699 2408 844 2492 exempla
859 2408 1107 2473 constructionis
1122 2397 1390 2487 μεταλαμβάνειν

214 2532 248 2574 τι
270 2504 450 2590 ἀπότινος
471 2537 519 2599 ap.
540 2515 662 2580 Graser.
686 2538 770 2600 spec.
791 2515 919 2581 Platon.
941 2538 972 2600 p.
996 2520 1045 2582 86.
1087 2513 1126 2579 In
1146 2513 1203 2578 ille
1223 2515 1389 2577 construc-

214 2619 303 2683 tione
336 2642 409 2684 cum
442 2616 517 2685 άντί
546 2623 660 2686 nititur
689 2623 716 2687 is
747 2645 824 2687 usus
849 2623 981 2707 passivi,
1013 2623 1068 2706 qui
1098 2622 1261 2686 invenitur
1287 2618 1389 2684 schol.

215 2831 347 2898 καὶτὸν
368 2828 415 2922 φή
444 2831 596 2919 ἐγκλίνει,
624 2837 679 2901 ἵνα
699 2835 738 2904 τὸ
761 2832 810 2924 φή
831 2829 951 2904 ταότὸν
971 2830 1102 2923 ὑπάρχῃ
1129 2839 1176 2920 τῷ
1196 2828 1242 2911 ὡς
1271 2831 1329 2898 καὶ
1347 2832 1385 2898 τό

213 2939 550 3025 μεταλαμβανόμενον
563 2948 714 3010 τοιοῦτον
728 2936 763 3034 ᾖ·
783 2939 853 3010 όδὲ
871 2937 918 3021 ὡς
935 2937 1079 3008 κώδειαν
1099 2937 1254 3021 ἀνασχών.
1288 2945 1318 3004 Γ
1330 2946 1389 3008 128

215 3044 272 3125 οὓς
285 3043 380 3113 ἔθετε
402 3047 596 3134 ἐγκλιτικῶς
610 3045 803 3138 ἀνεγνώσθη
819 3050 877 3116 διὰ
895 3049 933 3117 τὸ
947 3045 1296 3133 μεταλαμβανόμενον,
1314 3044 1390 3111 ἐπεὶ

215 3148 263 3231 εἷς
281 3149 390 3244 ἁπλῆν
407 3151 427 3245 ἡ
446 3155 667 3246 μετοίλνμμις.3
702 3161 780 3226 Voc.
796 3153 1137 3240 άντιμεταλαμβάνειν
1150 3180 1227 3223 usus
1251 3160 1301 3221 est
1314 3156 1388 3220 Ari-

214 3265 357 3328 stonicus
376 3269 411 3328 Π
432 3270 473 3333 30
495 3260 527 3354 (ἡ
552 3267 667 3356 διπλῆ)
690 3264 742 3334 ὅτι
767 3261 786 3333 ὃ
806 3265 904 3346 χόλος
929 3259 1218 3352 άντιμετείληπται
1244 3256 1290 3340 ὡς
1316 3255 1385 3326 ίσο·

216 3369 370 3452 δνναμοῖν
383 3375 423 3461 τῇ
437 3369 562 3457 μήνιδι.
598 3375 640 3440 Η.
656 3398 680 3440 e.
697 3369 715 3441 ό
729 3373 828 3454 χόλος
847 3371 1066 3460 μετείληπται
1080 3367 1153 3439 άντὶ
1167 3375 1224 3460 τῆς
1241 3369 1388 3460 μήνιδος.

214 3475 275 3542 His
305 3479 406 3564 igitur
442 3486 607 3566 exspectes
634 3487 747 3547 nostro
775 3482 848 3546 loco
875 3503 967 3546 versa
995 3479 1063 3547 vice
1092 3481 1260 3547 dicendum
1288 3479 1387 3544 fuisse

214 3580 299 3648 κατά
313 3609 387 3651 τινα
404 3582 627 3677 ὑπομνήματα
640 3589 868 3677 μετειλῆφθαι
887 3582 960 3652 άντὶ
981 3592 1040 3652 τοῦ
1060 3586 1147 3672 μέγα
1166 3587 1205 3651 τὸ
1226 3582 1387 3670 μεγάλως.

282 3837 406 3890 38τιτ1ν.
429 3837 466 3890 IX
486 3857 512 3907 p.
532 3844 581 3893 435
604 3835 677 3894 όταν
700 3827 754 3892 οὖν
775 3833 890 3905 ἄσημον
911 3835 1019 3900 τελέας
1040 3828 1059 3906 ἦ
1081 3832 1117 3891 τὸ
1133 3837 1309 3904 λειπόμενον
1326 3837 1390 3890 νυνὶ

215 3919 345 3988 σύστημα
364 3915 426 3975 οὔτ’
442 3916 526 3986 ἄξιον
543 3927 656 3992 μνήμης
672 3923 795 3989 τίθεμεν
812 3914 874 3976 οὔτ’
891 3914 962 3975 αὑτό
980 3914 1049 3976 οὔτε
1071 3914 1200 3988 τοῦνομα
1217 3914 1253 3974 τό
1270 3923 1393 3987 μεταλη-

213 4002 299 4071 φθέν.
334 4003 394 4059 Ηοο
412 4008 538 4061 vertunt:
561 4024 680 4070 „nomen
698 4005 774 4075 quod
791 4004 926 4073 accepit.“
961 4003 1022 4058 Hoc
1034 4007 1128 4074 potest
1144 4003 1309 4072 significare.
1343 4002 1392 4056 Ac

216 4090 312 4140 tomen
329 4088 378 4141 illo
396 4088 457 4143 loco
475 4089 619 4145 Strabonis
636 4090 777 4145 sententia
793 4089 934 4159 postulare
947 4089 1059 4143 videtur
1076 4104 1196 4152 „nomen
1213 4088 1289 4157 quod
1306 4091 1391 4141 antea

215 4174 283 4234 erat,
300 4189 376 4225 nunc
393 4177 534 4228 mutatum
545 4179 603 4228 est“
622 4169 669 4245 (τὸ
685 4192 747 4241 μετ.
760 4190 796 4227 sc.
811 4169 854 4237 εἰς
871 4168 994 4243 ἕτερον).
1018 4172 1099 4238 Quod
1112 4173 1288 4241 grammatici
1305 4172 1390 4240 vulgo

213 4250 455 4326 μεταλαμβάνειν,
472 4258 526 4312 hoc
543 4256 705 4312 An'stoteles
723 4257 795 4311 dixit
810 4258 1002 4324 μετατιθέναι
1019 4261 1093 4327 poet.
1111 4256 1191 4311 XXII
1205 4261 1237 4311 13
1250 4256 1294 4326 (cf.
1307 4254 1389 4309 Dion.

215 4357 303 4410 comp.
322 4357 347 4393 v.
367 4358 395 4410 p.
414 4346 455 4406 38,
477 4346 528 4407 56).
