3008 4980
399 333 421 382 2.
439 325 592 382 Herodiani
608 326 678 381 liber
694 326 730 380 de
746 327 877 396 prosodia
893 327 1047 382 Homerica.
1267 335 1305 398 31

221 498 241 576 ξ
266 499 313 561 12.
349 494 409 559 His
430 495 532 580 igitur
553 499 691 580 quatuor
711 495 801 559 libris
823 494 1011 574 Aristonici,
1038 495 1181 580 Didymi,
1202 495 1306 561 Hero-

125 602 233 682 diani,
253 601 424 668 Nicanoris
440 605 479 668 ab
499 602 593 668 initio
615 602 736 667 scholia
758 602 1052 678 161.Α661111111;
1075 625 1134 667 nec
1156 603 1211 667 diu
1232 608 1307 688 post

137 709 314 775 Herodiani
329 715 468 776 aetatem
486 711 570 775 hanc
586 732 716 793 operam
737 713 919 792 susceptam
941 732 1010 774 6116
1032 711 1179 777 arbitror.
1214 709 1308 788 Eum,

139 818 194 901 qui
207 817 287 882 haec
302 819 523 902 comportavit,
544 817 606 881 alia
624 816 726 882 multa
746 820 874 901 praeter
894 816 974 881 haec
993 816 1152 881 addidisse
1173 817 1226 881 vix
1246 839 1307 900 pu·

138 926 288 1002 taverim;
315 926 371 989 161
393 927 516 991 addidit
535 926 672 990 fortasse
695 925 852 1008 quaedam
874 947 956 1009 quae
979 946 1018 989 ex
1039 924 1109 989 aliis
1130 923 1307 989 Herodiani

139 1033 265 1115 scriptis
292 1032 479 1114 afferuntur,
510 1032 647 1096 maxime
674 1032 702 1096 si
728 1033 856 1115 quando
883 1032 918 1095 in
943 1032 994 1097 his
1019 1032 1060 1096 ab
1087 1055 1124 1096 61
1150 1031 1302 1108 doctrina,

140 1162 235 1223 quam
248 1139 282 1203 in
304 1139 387 1203 libro
410 1141 449 1204 de
470 1140 622 1225 prosodia
637 1138 809 1203 Homerica
831 1143 1030 1222 exposuerat,
1052 1139 1238 1204 dissensisse
1256 1140 1307 1203 in-

138 1245 336 1313 veniebatur.
382 1246 486 1323 Haeo,
521 1246 609 1330 quod
636 1247 881 1326 observaverim,
913 1246 1051 1330 plurima
1078 1246 1249 1331 diligenter
1275 1249 1308 1310 et

139 1356 213 1437 apte
234 1353 342 1432 allata,
367 1358 405 1418 ut
430 1354 470 1418 ab
491 1354 638 1431 homine,
668 1352 797 1437 qualem
823 1353 945 1438 fingere
973 1375 1053 1437 opus
1081 1357 1130 1418 est
1157 1362 1230 1417 e'um
1252 1354 1308 1437 qui

137 1465 203 1524 tam
226 1461 356 1526 doctum
377 1461 547 1526 consilium
569 1462 795 1544 susceperit¹⁴,
817 1461 976 1544 proficisci
996 1461 1140 1545 potuisse
1162 1482 1228 1524 non
1250 1481 1307 1523 ne-

137 1587 219 1652 gem.
263 1567 308 1632 111
340 1568 463 1632 addidit
490 1569 576 1633 idem
605 1568 741 1632 fortasse
772 1572 937 1651 praeterea
967 1590 1068 1632 unum
1094 1567 1146 1632 vel
1171 1567 1307 1631 alterum

137 1676 233 1740 simili
255 1675 388 1741 oonsilio
404 1676 534 1760 Didymi
555 1676 641 1739 notis
664 1680 696 1739 61
716 1676 939 1740 Α111111116115.
976 1675 1040 1740 Sed
1060 1679 1205 1759 tempore
1227 1672 1307 1760 glis·

137 1786 228 1846 cente
256 1783 394 1866 plurima
414 1783 475 1847 alia
493 1806 532 1848 61
552 1782 784 1850 recentioribus
806 1783 1042 1847 commentariis
1056 1782 1236 1847 Homericis
1256 1784 1305 1865 (111
1316 1785 1372 1857 (36)

138 1888 321 1974 Porphyrii)
350 1891 484 1974 aliisque
511 1891 653 1975 vulgatis
678 1890 768 1954 libris
794 1891 870 1955 huic
899 1912 1028 1974 quoque
1057 1890 1158 1954 codici
1180 1890 1308 1974 appicta

138 2001 223 2062 sunt.
258 1997 425 2064 Invenitur
440 1997 496 2081 qui
518 1998 581 2062 sibi
601 1997 724 2082 placuit
743 1997 778 2060 in
800 1997 1064 2062 annotationibus
1086 2019 1125 2062 ex
1139 1997 1307 2081 Apollonii

136 2104 269 2188 Dyscoli
289 2105 380 2170 libris
401 2106 628 2190 appingendis,
650 2106 707 2169 161
728 2103 1005 2189 negligentissime
1027 2127 1136 2189 saepe,
1157 2109 1194 2169 ut
1214 2113 1246 2169 A
1266 2111 1305 2171 22

136 2213 194 2275 661
219 2211 372 2296 Apollon.
399 2213 438 2277 de
464 2213 533 2277 adv.
560 2236 591 2295 p.
619 2217 687 2278 553.
730 2211 803 2275 Vid
828 2215 993 2295 praeterea
1017 2218 1056 2277 A
1077 2219 1126 2280 99.
1152 2218 1212 2280 508
1238 2212 1306 2296 (ubi

135 2323 291 2402 punctum
311 2320 498 2403 ponendum
519 2324 595 2403 post
613 2309 732 2401 Ὧρος).
768 2321 800 2380 A
821 2323 891 2385 343.
921 2323 958 2381 Λ
982 2327 1037 2388 101
1062 2311 1119 2399 (ὡς
1141 2315 1307 2383 δείκνυται

136 2421 171 2488 ἐν
195 2429 242 2511 τῷ
271 2425 347 2509 περὶ
373 2423 555 2504 συντάξεως
585 2450 625 2491 ne
658 2426 767 2491 addito
799 2426 929 2510 quidem
959 2428 1089 2492 nomine
1120 2427 1306 2512 Apollonii).

136 2534 245 2601 1219
271 2530 318 2614 (ἐν
338 2538 390 2618 τῷ
414 2531 492 2617 περὶ
514 2527 725 2614 &muamus
753 2533 921 2620 δηλοῦται,
954 2534 1033 2598 item
1061 2535 1129 2599 sine
1155 2535 1306 2618 nomine).

138 2640 185 2705 cf.
206 2641 267 2705 VD
290 2641 331 2705 11
356 2642 384 2705 O
409 2647 477 2710 138.
498 2645 527 2703 Σ
540 2645 646 2709 50516.
684 2642 737 2709 Sic
758 2643 887 2726 appiota
909 2651 985 2727 sunt
1007 2643 1164 2725 quaedam
1186 2642 1306 2708 61111.

137 2748 301 2831 Apollonii
327 2750 376 2828 (ut
402 2751 431 2810 B
458 2756 528 2816 271.
561 2753 590 2811 l'
609 2753 696 2833 448),
728 2750 884 2834 quaedam
914 2748 1055 2819 Orionis,
1084 2748 1307 2828 Choerobosci,

138 2876 197 2919 1166
219 2877 345 2941 semper
365 2857 497 2920 nomina
510 2859 678 2922 auctorum
693 2858 809 2922 addita
845 2855 898 2920 Sic
912 2859 944 2918 A
959 2861 998 2923 66
1014 2856 1144 2920 doctum
1159 2855 1306 2921 scholion
1319 2877 1350 2929 31

138 2967 187 3027 est
219 2962 258 3027 11
284 2962 421 3028 flexione
454 2965 729 3030 substantivorum
759 2965 793 3027 in
824 2986 876 3046 ας,
908 2963 995 3047 quod
1022 2964 1056 3026 in
1081 2962 1306 3048 Etymologico

137 3092 268 3154 quoque
288 3070 409 3155 legitur
430 3073 464 3150 (s.
487 3063 745 3155 ὑπερκύδαντας)
768 3076 801 3136 61
822 3094 870 3154 ap.
889 3070 1097 3135 Eustathinm
1118 3093 1148 3154 p.
1168 3077 1237 3148 445,
1258 3076 1307 3149 22,

137 3178 222 3241 unde
248 3181 339 3261 patet
359 3178 567 3243 Eustathium
595 3181 659 3244 iam
680 3179 712 3246 h.
733 3180 753 3243 1.
775 3180 810 3243 in
831 3177 961 3242 scholiis
982 3178 1151 3261 invenisse.
1193 3176 1253 3241 Est
1274 3176 1307 3240 id

138 3283 353 3350 Choerobosci
388 3287 421 3349 in
459 3285 692 3364 Theodosium,
728 3287 813 3371 apud
850 3284 1066 3351 Gaisfordium
1104 3307 1134 3368 p.
1167 3288 1221 3362 34,
1256 3289 1305 3350 25.

203 3539 228 3576 14
245 3534 337 3588 Verbo
359 3551 461 3588 moneo
478 3535 532 3588 hoo
550 3551 620 3603 opus
638 3535 788 3603 Odysseam
806 3550 918 3603 quoque
941 3530 1116 3601 complexum
1133 3550 1199 3588 esse.
1235 3531 1306 3599 Qua

136 3623 202 3673 tuor
217 3619 385 3688 scriptorum
401 3618 520 3687 vestigia
537 3635 704 3687 quocunque
720 3618 823 3688 pedem
839 3616 964 3688 posueris
982 3615 1012 3668 in
1029 3615 1141 3671 scholiis
1159 3617 1249 3671 obvia.

204 3706 230 3744 1⁵
247 3701 346 3771 Cogito
367 3702 420 3755 hoc
441 3701 503 3756 loeo
524 3702 644 3757 maxime
668 3703 702 3757 de
724 3705 828 3765 11398,
851 3701 900 3755 nbi
923 3704 952 3755 et
972 3699 1086 3768 Didymi
1109 3704 1138 3755 et
1154 3699 1307 3754 Aristonici

136 3787 342 3841 observationes
363 3785 492 3850 traditae,
514 3787 563 3855 sed
591 3787 660 3840 levis
690 3787 824 3841 correctio
846 3785 944 3839 addita
965 3785 1016 3839 sic:
1039 3791 1130 3839 ταῦτα
1152 3776 1306 3856 dinoscet

136 3891 217 3934 νικος
244 3874 313 3940 περὶ
340 3875 391 3940 τῆς
418 3874 531 3940 γραφῆς
559 3875 664 3941 ταύτης
691 3874 774 3941 φησί,
803 3875 905 3939 διπλῆν
931 3869 1048 3940 βάλλων
1071 3872 1114 3941 τῷ
1142 3869 1244 3940 στίχῳ·
1274 3866 1307 3922 ἐν

135 3957 237 4022 μέντοι
261 3961 299 4026 τῇ
320 3957 494 4025 τετραλογίᾳ
515 3955 556 4021 lh,
578 3973 602 4010 e,
623 3955 654 4008 ni
674 3956 768 4021 fallor,
794 3953 1055 4010 commentariorum
1080 3951 1145 4006 libri
1175 3951 1305 4021 quatuor)

135 4035 325 4108 Νεμεσίωνος
346 4033 440 4102 οὕτως
461 4030 548 4107 εὗρον
568 4043 637 4108 περὶ
657 4045 717 4093 τῶν
738 4043 846 4109 στίχων
868 4040 989 4101 τούτων,
1013 4041 1066 4092 611
1101 4034 1246 4090 Refutabir
1261 4051 1306 4088 me

135 4125 263 4188 fortasse,
285 4123 308 4176 si
330 4123 376 4178 cni
397 4123 432 4177 de
453 4122 535 4176 huius
556 4121 727 4176 Nemesionis
748 4127 842 4178 aetate
863 4124 985 4185 constat,
1009 4137 1081 4189 quae
1101 4119 1172 4173 mihi
1193 4118 1306 4173 aliunde

135 4208 233 4278 ignota
250 4211 299 4263 est.

203 4295 228 4334 ¹⁶
248 4293 375 4347 Fortaaee
402 4292 458 4344 hue
480 4291 604 4360 pertinet
625 4310 696 4346 unus
718 4291 824 4346 alterve
845 4292 922 4346 loeus
944 4307 978 4345 61
999 4289 1054 4344 his:
1078 4295 1104 4341 A
1121 4293 1180 4343 410.
1203 4289 1302 4342 11142.

135 4380 159 4432 Ζ
174 4382 232 4433 414.
252 4379 280 4432 Κ
296 4383 337 4433 61.
355 4381 412 4432 252.
430 4378 464 4430 Μ
478 4380 537 4428 204.
