3008 4980
565 325 587 376 3.
611 319 702 386 πόνος
720 320 750 375 01
766 327 876 378 πονεῖν.
1265 329 1303 392 73

134 515 165 576 p.
187 493 260 574 340)
287 493 320 554 et
346 486 403 554 τὸν
427 489 532 569 ξεῖνον
554 482 700 554 ἐναντίον
722 475 788 553 ὦδε
809 482 979 554 κάλεσσον.
1018 489 1197 576 Utrumque
1218 495 1304 557 recte

136 599 221 684 cepit
235 597 377 664 Nitzsch.
400 596 515 664 adOd.
531 619 552 659 α
569 603 637 665 182.
674 597 718 662 Et
735 620 756 660 α
774 601 842 674 182,
864 597 943 661 item
964 600 1050 678 1928,
1074 598 1162 682 quod
1183 599 1305 665 scholia

136 709 169 770 et
183 704 386 770 consentiens
400 705 440 769 iis
454 704 606 790 Apollon.
630 707 711 789 synt.
729 727 759 789 p.
775 710 814 770 72
836 703 973 769 afferunt
993 700 1124 782 „odrae
1138 696 1185 782 ὦς
1199 699 1304 794 ὁρᾷς(ι

136 817 169 880 01
189 813 295 897 priore
316 811 389 878 loco
409 806 539 888 ,οὕτως
562 802 607 887 ὥς
630 804 724 898 όρᾷς,
753 805 798 888 ὥς
819 804 967 896 ἰδιώτης,
993 804 1052 892 οὐχ
1073 806 1118 889 ὡς
1139 809 1306 896 ἐπέβαλλε

136 919 293 1000 βασιλεῖ(ι
319 919 383 985 hoc
409 920 456 984 ita
481 919 636 984 satisfacit
662 919 770 1003 (modo
798 942 838 984 ne
867 919 1054 986 obliviscare
1075 921 1109 986 in
1130 922 1182 988 his
1204 923 1305 988 subti-

134 1029 220 1095 libus
234 1027 419 1114 linguarum
434 1026 606 1113 elegantiis
622 1027 790 1111 paululum
811 1027 990 1094 necessario
1013 1027 1191 1094 claudicare
1211 1053 1306 1114 para-

135 1136 278 1223 phrasin)
306 1139 431 1200 utnon
451 1135 591 1212 videam,
622 1156 679 1199 cur
704 1135 755 1200 his
778 1135 903 1201 duobus
924 1136 1004 1201 locis
1024 1134 1210 1202 Nitzschius
1232 1161 1306 1223 par·

135 1244 253 1310 ticulae
274 1265 391 1308 novam
412 1242 681 1327 significationem
700 1241 869 1309 affinxerit.

219 1350 283 1418 Sed
308 1349 463 1416 Vossium
492 1350 654 1434 quomodo
684 1350 841 1430 refellam,
871 1350 1023 1416 indefessi
1048 1351 1169 1418 laboris
1194 1353 1306 1435 virum,

137 1460 227 1525 cuius
258 1481 376 1523 nomen
408 1457 557 1522 omnibus
582 1457 717 1523 Homeri
747 1458 899 1524 studiosis
926 1459 1151 1524 verecundiam
1175 1460 1306 1528 iniicere

136 1569 252 1633 debet?
273 1565 304 1631 Is
327 1565 379 1647 (ad
398 1565 507 1650 hymn.
531 1564 599 1631 Cer.
616 1569 686 1647 116)
708 1566 876 1631 confirmat
897 1566 931 1630 in
951 1565 1008 1631 illo
1029 1558 1123 1654 στῆθ’
1148 1563 1252 1645 οὕτως
1273 1565 1307 1647 ἐς

134 1671 257 1758 μέσσον
282 1673 473 1760 particulam
499 1669 601 1747 οὕτως
626 1672 895 1758 significationem
914 1657 1052 1738 localem
1073 1674 1205 1742 habere!
1239 1677 1306 1744 De·

136 1784 231 1849 mitto
254 1779 426 1848 auriculas!

219 1889 372 1955 Probavit
396 1887 573 1954 Aristarchi
600 1887 870 1966 observationem,
903 1911 966 1972 qua
996 1889 1079 1954 nihil
1106 1913 1175 1957 esse
1200 1895 1309 1975 potest

137 1998 269 2077 certius,
288 1996 488 2062 Nitzschius:
518 2017 577 2060 nec
596 1995 769 2061 Passovius
797 1996 972 2081 quidquam
998 1997 1169 2063 dubitavit:
1196 1999 1308 2064 itidem

137 2131 156 2170 a
186 2105 348 2171 veteribus
375 2103 553 2169 sexcenties
579 2125 630 2168 res
663 2102 859 2184 inculcatur,
893 2126 922 2169 r.
953 2108 1081 2189 praeter
1099 2104 1308 2171 Eustathium

137 2215 236 2280 schol.
258 2216 288 2276 B
308 2218 380 2280 258.
406 2214 508 2279 1191.
535 2214 570 2272 Ν
589 2215 658 2278 326.
686 2234 707 2273 α
732 2216 799 2279 182.
826 2214 850 2291 β
874 2220 941 2278 111.
969 2232 988 2293 γ
1012 2218 1079 2279 125.
1116 2211 1202 2279 [llud
1223 2208 1308 2297 πρό-

136 2313 211 2404 μολ’
244 2308 310 2385 ὧδε
337 2319 551 2404 Paraphrasta
576 2317 716 2383 Bekkeri
745 2319 885 2383 reddidit
916 2313 1067 2400 πρόελθε
1093 2316 1243 2397 odatrew.
1268 2358 1309 2369 —

136 2430 253 2496 Denuo
283 2428 408 2494 dicendi
435 2426 660 2492 necessitatem
695 2425 789 2491 nobis
823 2427 962 2510 imponit
989 2427 1166 2505 Bekkerus.
1214 2428 1309 2507 Quod

136 2537 290 2603 faciemus
307 2537 343 2601 in
363 2534 548 2621 Epimetris.

604 2771 835 2780 *—

551 3025 682 3108 Πόνσς
700 3036 733 3099 01
753 3033 888 3097 πονεῖν

260 3211 422 3272 nunquam
443 3185 561 3251 doloret
581 3185 840 3272 sr'pncfloatrhnem
859 3183 960 3267 haber,
981 3183 1039 3249 sed
1059 3184 1183 3250 laboris.

221 3352 362 3436 ((1το0010
391 3351 556 3418 vocabulis
583 3349 788 3415 Aristonicus
820 3349 923 3415 utitur
953 3341 1107 3436 ἀλγηδών
1137 3353 1170 3415 01
1194 3353 1308 3415 contra

138 3454 233 3543 ἔργον
253 3463 286 3526 01
306 3453 454 3544 ἐνεργεῖν.
500 3459 708 3525 Recentiores
734 3458 868 3522 eandem
895 3479 963 3523 rem
986 3461 1158 3542 tangentes
1182 3479 1241 3541 pro
1268 3480 1307 3523 eo

139 3569 250 3633 dicunt
263 3589 496 3652 nonnunquam
514 3566 727 3631 κακοπαθεῖν
742 3568 775 3630 01
795 3557 1024 3640 κακοπάθεια,
1049 3566 1136 3649 quod
1150 3564 1235 3630 idem
1250 3570 1305 3632 est.
1319 3574 1373 3644 (87)

138 3674 210 3741 Scln
231 3674 383 3760 Apollon.
404 3674 452 3741 IV
476 3680 554 3743 1453
585 3665 759 3757 γειομόροι
783 3663 967 3758 μόρμηκεςε
1000 3665 1033 3737 οὶ
1059 3668 1137 3755 περὶ
1164 3670 1223 3760 τὴν
1251 3675 1309 3760 γῆν

138 3785 436 3864 κακοπαθοῦντες.)

219 3889 284 3956 Res
305 3914 363 3975 per
385 3891 494 3976 diplen
516 3894 628 3955 notata
645 3893 676 3952 B
698 3895 768 3957 291.
795 3889 825 3950 Ε
845 3893 916 3956 667.
941 3892 975 3951 H
996 3894 1065 3956 319.
1092 3891 1126 3952 K
1149 3894 1216 3955 116.
1241 3895 1308 3956 164.

204 4135 230 4175 4⁷
248 4129 333 4202 Apud
345 4129 453 4186 Atticos
466 4146 577 4198 quoque
589 4132 631 4184 est
647 4128 697 4184 ubi
716 4118 773 4184 ὦδε
790 4128 847 4183 vim
864 4145 943 4183 suam
960 4126 1076 4183 abijciat
1093 4129 1123 4183 et
1141 4127 1182 4182 ita
1200 4126 1310 4183 dicatur

138 4218 171 4271 ut
188 4209 282 4280 οὕτως
300 4216 355 4284 „sic
372 4217 502 4270 temere.“
533 4213 604 4269 Plat.
623 4214 706 4286 Soph.
726 4218 790 4268 211ο
810 4217 852 4286 τῷ
869 4209 925 4283 γὰρ
945 4205 1006 4267 όντι
1024 4212 1059 4266 τὸ
1077 4217 1129 4265 νῦν
1146 4207 1239 4282 ῥηθὲν
1257 4211 1309 4280 οὐχ

138 4294 211 4355 door
234 4289 292 4355 ὧδε
315 4298 467 4372 ἐρωτηθὲν
492 4295 639 4377 ἐλπίσειεν
661 4291 956 4368 inebriebaris,
978 4287 1049 4354 ἀλλὰ
1065 4293 1201 4368 τυγχάνει
1217 4288 1309 4368 λόγον

136 4387 311 4455 παμμήκσνς
329 4377 370 4441 όν.
