3008 4980
547 354 570 404 2.
593 349 635 405 De
652 350 903 422 intercapiratione.
1244 356 1304 420 305

134 503 347 598 Ἀριστάρχῳ.
400 515 535 601 Recepit
564 518 643 583 haec
668 520 760 585 Euat.
790 522 820 582 Ε
844 527 882 587 77
913 542 943 603 p.
971 524 1040 584 524.
1069 557 1108 567 -
1134 515 1206 580 Hoc
1232 515 1304 580 loco

137 619 291 685 miramur
304 620 526 688 Aristarchum
539 647 644 710 neque
660 628 772 692 dubito
793 627 871 711 quin
891 625 1036 711 plerique
1051 646 1116 688 una
1136 624 1305 689 nobiscum

135 727 282 801 miraturi
308 729 381 796 sint.
422 729 535 816 Itaque
566 722 747 799 dubitamus
768 734 941 799 Eustathio
971 753 1063 798 aures
1089 731 1242 816 praebere
1265 731 1304 795 de

136 834 315 901 Aristarchi
335 838 514 904 rationibus
535 841 629 905 aliter
649 841 788 906 tradenti
809 863 845 905 ac
867 840 1085 925 probabilius?
1116 860 1148 921 p.
1171 842 1241 914 548,
1265 841 1305 904 30

136 935 226 1007 ἔστιν
241 933 300 1009 οὖν
315 940 352 1008 ἐκ
369 947 428 1011 τοῦ
448 938 553 1024 τάλας
574 945 630 1012 καὶ
649 950 708 1013 τοῦ
730 943 820 1033 ῥινός
839 940 1018 1031 ταλάρινος
1032 942 1088 1010 καὶ
1105 944 1307 1028 πλεονασμῷ

135 1043 296 1138 Αἶολικηῖ
308 1053 366 1116 τοῦ
384 1075 403 1116 υ
424 1049 631 1140 ταλαύρινος,
656 1050 701 1132 ὠς
723 1048 863 1141 άρηκτος
884 1047 1051 1141 αύρηκτος.
1088 1049 1142 1118 διὸ
1165 1048 1307 1116 καὶτῶν

135 1156 294 1225 παλαιῶν
319 1153 353 1227 οἱ
379 1157 439 1245 μέν
460 1154 635 1240 Αἷολικώς
659 1156 800 1253 έψύλουν
824 1159 863 1228 τὸ
892 1186 910 1246 ρ
936 1163 995 1227 τοῦ
1015 1153 1230 1244 ταλαύρινος,
1260 1151 1306 1236 ὠς

135 1263 193 1332 καὶ
204 1259 428 1356 Ἀρίσταρχος·
450 1264 483 1336 οὶ
501 1266 538 1335 δὲ
552 1266 720 1349 έύάουνον,
741 1262 787 1347 ὠς
801 1264 919 1347 άπλώς
933 1263 1001 1334 ἀπὸ
1023 1272 1083 1334 τού
1103 1263 1193 1356 ῥινός
1212 1259 1305 1352 νενό-

135 1397 250 1457 μενον,
277 1374 372 1441 καθὰ
398 1373 596 1465 προεῤῥέθη.
639 1380 686 1445 At
711 1401 773 1466 ego
794 1383 906 1445 auctor
928 1379 1002 1459 sim,
1030 1401 1071 1443 ne
1093 1377 1172 1461 quid
1193 1379 1306 1440 contra

135 1482 356 1551 Herodianum
378 1487 543 1553 credamus
563 1487 744 1554 Eustathio.
785 1488 850 1553 Res
871 1488 951 1552 haec
974 1491 1035 1552 est:
1062 1489 1099 1551 ut
1121 1483 1176 1549 alii
1198 1504 1305 1569 gram·

135 1592 245 1658 matici
263 1592 308 1658 sic
321 1593 525 1660 Aristarchus
545 1600 640 1681 putat
652 1597 686 1661 in
709 1596 895 1681 compositis
917 1615 1150 1677 nonnunquam
1170 1591 1305 1658 alteram
1317 1608 1388 1679 (κον)

137 1699 382 1785 significationis
408 1707 533 1787 partem
559 1704 754 1770 delitescere:
783 1707 816 1770 et
844 1703 974 1787 quidem
1000 1703 1047 1766 ita
1072 1723 1167 1786 saepe
1188 1703 1225 1765 ut
1246 1721 1305 1764 nos

137 1829 198 1872 nec
224 1808 443 1896 intelligamus
470 1833 526 1876 cur
545 1812 592 1877 ita
612 1812 691 1877 velit
711 1834 770 1877 nec
792 1810 870 1895 quid
892 1813 1114 1894 consequatur.
1152 1809 1306 1872 Attamen

138 1914 258 1982 factum
279 1921 340 1982 est:
374 1922 407 1983 et
433 1941 523 1984 suam
548 1921 582 1985 in
603 1920 664 1985 hac
684 1943 719 1986 re
740 1919 934 1985 sententiam
957 1921 995 1982 ut
1015 1917 1171 1981 indicaret
1192 1916 1306 2000 spiritu

139 2045 216 2089 usus
231 2028 292 2089 est:
306 2025 363 2090 ubi
378 2026 563 2093 delitescere
578 2027 847 2115 significationem
859 2027 1000 2091 indicare
1014 2023 1153 2101 volebat,
1168 2023 1306 2088 mediam

138 2131 367 2215 aspirationem
387 2156 454 2199 non
477 2136 595 2220 posuit.
637 2134 721 2201 Vide
747 2134 924 2200 Aristonici
949 2137 1043 2204 notas
1068 2133 1108 2197 ad
1135 2134 1174 2193 Π
1191 2135 1253 2198 768
1275 2133 1307 2194 et

138 2241 174 2300 X
194 2243 269 2308 319:
295 2240 334 2311 ‚in
361 2233 459 2328 αἰχμὴ
489 2235 624 2329 εὐηκης,
652 2235 715 2329 άορ
740 2234 898 2328 τανύηκες
923 2241 1003 2307 illud
1030 2232 1097 2325 ἄκη
1119 2239 1309 2325 significare,

137 2346 173 2412 in
192 2340 377 2433 τανυήκεας
397 2339 494 2428 ύζους
513 2372 579 2417 non
601 2351 790 2438 significare,
810 2354 847 2415 ut
867 2351 901 2415 in
924 2344 1117 2435 κελαινεφὲς
1139 2336 1231 2429 αἷμα.
1264 2346 1309 2411 Et

137 2458 225 2520 recte
250 2456 443 2542 accipiamus
468 2458 503 2522 in
529 2461 580 2525 his
611 2453 813 2545 παράγωγον
839 2462 872 2524 et
892 2449 1092 2543 παραγωγή,
1117 2455 1308 2541 quaequod

139 2563 263 2629 videam
288 2565 323 2629 in
343 2565 394 2632 his
413 2589 472 2652 per
492 2568 629 2634 abusum
651 2568 811 2652 quendam
833 2565 1039 2644 adhibentur,
1066 2587 1133 2629 non
1154 2569 1192 2628 ut
1212 2584 1308 2627 voca·

139 2669 218 2735 bula
231 2693 298 2736 non
312 2673 418 2739 inesse
434 2675 566 2756 dicatur,
588 2674 645 2741 sed
664 2698 732 2740 non
754 2673 943 2760 significare.
980 2672 1184 2738 Herodianus
1200 2674 1236 2732 H
1249 2675 1307 2737 635

139 2768 184 2853 ὠς
204 2781 269 2844 τῶν
290 2771 414 2867 ὠρνυτο
438 2781 565 2861 δοῦπος
590 2775 659 2848 άπὸ
684 2780 812 2863 χθονὸς
835 2774 1041 2866 εύρυούείηςε
1072 2772 1309 2861 παρανωνὸν

139 2876 328 2970 ἡγοῦνται
349 2887 420 2976 τὴν
442 2884 564 2971 λέξιν,
588 2884 737 2957 τουτέστι
758 2886 935 2977 παρολκὴν
956 2889 1015 2973 της
1036 2881 1093 2950 ἐπὶ
1113 2881 1229 2961 τέλους
1250 2879 1307 2948 λε’-

139 2991 227 3070 ξιως.
269 2993 352 3062 Item
372 2996 576 3066 Herodianus
603 2999 642 3065 de
667 2990 865 3085 ταλαύρινος
891 2999 987 3064 modo
1017 2995 1140 3061 dixerat
1166 2995 1212 3080 <E
1231 2993 1309 3074 289>

138 3093 208 3172 εἴτεΙ
220 3096 258 3166 δέ
273 3100 388 3170 λεκτὸν
402 3099 467 3186 ἔχει
481 3104 519 3172 τὸ
536 3103 592 3172 ἐπὶ
605 3102 721 3184 τέλους
735 3100 802 3172 εἴτε
816 3102 987 3190 παρέλκει,
1005 3105 1092 3189 quod
1106 3102 1309 3168 Aristonicus

137 3209 219 3276 dixit
240 3203 272 3298 (ἦ
290 3211 406 3300 διπλῆ)
428 3210 481 3280 ὅτι
501 3209 720 3303 παρηγμένους
741 3210 830 3300 λέγει
847 3206 1052 3298 ταλαύρινον.
1087 3211 1137 3276 De
1159 3201 1311 3284 ὠκύαλος

136 3318 177 3383 ad
204 3319 232 3383 0
253 3327 313 3390 705
329 3316 453 3408 Ἕκτωρ
477 3319 514 3388 δέ
534 3320 680 3410 πρύμνης
699 3320 776 3400 νεὸς
793 3318 910 3410 ἥψατο
933 3311 1181 3402 ποντοπόροιο,
1205 3313 1311 3401 καλῆς

137 3418 303 3506 ὠκυάλου,
325 3429 550 3510 ἰοΗετοάίοοὶ
565 3436 652 3512 nota,
675 3454 870 3517 quamquam
891 3453 958 3497 non
972 3431 1100 3514 integra
1122 3430 1179 3506 est,
1200 3429 1309 3490 tamen

135 3533 340 3620 intelligitur,
360 3541 426 3604 tres
441 3541 617 3606 sententias
632 3561 746 3606 eorum
762 3540 1044 3625 grammaticorum
1060 3533 1310 3612 commemorari,

137 3641 194 3725 qui
215 3644 262 3724 (et
274 3642 358 3710 hanc
371 3647 544 3730 paradosin
558 3669 688 3732 quoque
709 3647 808 3713 fuisse
825 3647 913 3731 dicit)
937 3637 1089 3720 ὠκύαλος
1110 3664 1183 3708 cum
1203 3641 1309 3706 medio

136 3748 201 3814 leni
215 3750 400 3834 scriberent,
421 3755 539 3839 partim
553 3777 664 3820 eorum
686 3757 749 3840 qui.
764 3756 869 3821 inesse
892 3752 1021 3839 quidem
1043 3742 1126 3828 ἁλός
1146 3753 1373 3835 PUl³Y011b3¹⁰

137 3857 194 3923 sed
218 3880 286 3924 non
313 3859 491 3946 significare
518 3859 613 3945 (,,καί
636 3857 720 3942 τάχα
747 3859 821 3928 ἐπεὶ
840 3858 944 3948 μηδὲν
973 3853 1056 3925 άλλο
1077 3851 1102 3946 ἢ
1122 3855 1160 3924 τὸ
1183 3849 1250 3922 ὠκὺ
1274 3853 1310 3922 ἐκ

136 3967 196 4051 της
217 3961 337 4045 λέξεως
357 3963 603 4056 σημαίνεταιῑί),
626 3972 744 4058 partim
765 3994 876 4038 eorum
898 3970 1008 4055 quire
1029 3990 1105 4034 vera
1126 3971 1159 4033 et
1178 3959 1309 4053 proprio

137 4095 234 4139 sensu
258 4071 562 4164 otcgparagogicas
585 4080 723 4164 syllabas
746 4102 815 4146 esse
836 4082 997 4164 putarent.
1035 4077 1183 4143 Ceterum
1205 4075 1310 4140 Hero-

137 4181 252 4247 dianus
276 4183 339 4248 hoc
366 4185 463 4252 etiam
490 4186 563 4253 loco
586 4188 620 4251 in
649 4210 686 4252 ea
706 4210 741 4252 re
762 4185 938 4273 πορολκης
957 4184 1113 4251 vocabulo
1135 4206 1213 4250 usus
1236 4185 1309 4259 erat,

136 4296 174 4356 ut
201 4292 237 4356 in
265 4283 462 4379 εὐρυοδείης.
505 4276 601 4371 Quod
629 4317 667 4360 ex
687 4294 906 4381 Etymclogici
926 4293 971 4359 M.
1000 4297 1079 4358 nota
1109 4314 1133 4358 s.
1156 4284 1308 4354 ὠκυάλου

137 4399 338 4487 intelligitur,
359 4422 456 4486 quam
470 4401 546 4468 hinc
560 4401 690 4469 fluxisse
705 4407 846 4489 apparet,
867 4423 948 4488 quae
962 4401 1042 4467 haec
1062 4403 1123 4465 est:
1144 4388 1306 4474 circuitor,

178 4501 434 4555 narranaam.
1068 4504 1101 4554 κο
