3008 4980
262 351 285 402 4.
315 346 356 402 De
375 349 571 417 grammaticis,
590 351 638 423 qui
657 348 825 408 ἐνστατικοί
842 351 871 408 et
887 345 1002 407 λυτικοί
1019 348 1088 406 dicti
1104 352 1177 407 sunt.
1244 359 1304 421 215

135 519 304 584 etc‘ubedat
324 541 501 604 separese,
528 545 558 584 sc
586 521 656 605 queis
677 520 912 606 quodomnium
936 544 1041 584 rerum
1066 521 1155 586 uellet
1176 521 1304 588 deiecere.

134 626 218 691 Tum
240 648 301 711 ego
323 627 446 691 indocti
466 627 606 692 hominis
628 628 856 693 confidentiam
874 628 1047 693 demiratus
1068 629 1233 693 ‘Docesne’
1253 629 1304 693 in·

135 758 232 820 quam
253 741 336 813 ‘nos,
362 735 530 820 magister,
557 757 613 799 cur
640 736 789 802 bidentes
812 736 995 800 dicantur?“
1016 773 1057 782 —
1077 735 1163 800 Hinc
1183 736 1305 801 factum

135 847 185 908 est
205 847 242 907 ut
264 842 420 907 eiusmodi
443 842 647 926 quaestiones
667 842 803 909 litterati
828 845 862 908 in
890 844 984 908 docta
1006 844 1185 908 adversaria
1204 845 1304 909 refer·

133 954 214 1015 rent.
249 950 367 1015 Narrat
381 949 502 1016 Gellius
519 949 602 1034 (XIV
617 953 648 1033 6)
670 951 851 1030 ,hominem
870 951 904 1015 in
925 950 1105 1016 litterarum
1127 951 1216 1016 cultu
1238 975 1304 1017 non

134 1057 313 1143 ignobilem
334 1078 546 1142 magnamque
574 1059 688 1123 aetatis
714 1062 839 1143 partem
867 1059 902 1123 in
929 1058 1021 1124 libris
1042 1062 1220 1124 versatum“
1241 1061 1302 1125 sibi
1321 1057 1382 1117 218,
1448 1147 1450 1150 y

134 1165 168 1228 in
189 1166 339 1230 noctibus
365 1165 431 1229 suis
460 1165 653 1230 adornandis
680 1170 836 1250 occupato
863 1166 983 1231 librum
1005 1167 1120 1251 grandi
1140 1166 1304 1232 volumine

136 1273 303 1351 obtulisse,
336 1276 373 1337 ut
397 1272 472 1338 inde
493 1277 618 1357 peteret
647 1274 674 1338 si
703 1275 780 1359 quid
805 1274 960 1339 memoria
981 1274 1116 1360 dignum
1136 1274 1303 1340 inveniret.

135 1379 338 1446 Gloriabatur
358 1403 433 1445 vero
460 1403 528 1447 esse
555 1381 654 1446 istum
674 1381 794 1446 librum
814 1382 1014 1466 „omnigenis
1037 1381 1190 1446 doctrinis
1211 1403 1304 1464 prae·

135 1491 310 1552 scatentem
332 1491 428 1573 atque
451 1511 491 1552 ex
511 1488 621 1553 multis
643 1496 674 1555 et
697 1490 792 1554 variis
815 1494 848 1555 et
873 1490 1005 1555 remotis
1027 1488 1220 1555 lectionibus
1242 1488 1304 1553 sibi

135 1595 359 1663 elaboratum“.
407 1596 529 1662 Gellius
560 1596 699 1661 libenter
728 1597 865 1681 accepit,
898 1601 932 1662 at
957 1619 1015 1681 pro
1042 1618 1121 1661 auro
1149 1598 1304 1661 carbones

133 1705 268 1768 invenit:
297 1704 469 1768 maximam
491 1704 576 1768 enim
596 1707 720 1789 partem
743 1704 919 1789 collegerat
939 1705 1087 1788 spinosas
1110 1707 1143 1769 et
1163 1704 1303 1769 minutas

136 1812 349 1896 quaestiones.
384 1811 435 1875 Ex
448 1812 488 1875 iis
502 1811 610 1895 igitur,
633 1833 714 1894 quae
737 1835 770 1878 se
791 1813 838 1877 ibi
858 1813 1017 1877 invenisse
1040 1812 1126 1895 dicit,
1148 1811 1305 1877 nonnulla

134 1920 221 1984 haud
235 1920 301 1983 scio
320 1940 361 1982 an
374 1918 478 2004 magis
494 1917 616 1983 Gellius
631 1923 824 2000 contemnat,
846 1942 943 2004 quam
959 1919 1007 1984 fas
1022 1919 1065 1985 sit
1079 1920 1303 2004 grammatico:
1316 1922 1388 1992 (223)

135 2027 258 2092 invenit
282 2030 392 2091 tamen
418 2029 451 2090 et
477 2025 571 2090 haec:
601 2047 698 2110 quam
727 2028 768 2091 ob
797 2049 924 2092 causam
946 2026 1157 2092 Telemachus
1184 2026 1305 2091 cubans

134 2135 269 2199 iunctim
284 2133 345 2197 sibi
360 2133 531 2198 cubantem
546 2132 752 2199 Pisistratum
766 2157 831 2200 non
850 2157 948 2199 manu
963 2135 1115 2219 attigerit,
1137 2134 1194 2199 sed
1214 2134 1305 2218 pedis

134 2243 201 2307 ictu
224 2241 370 2306 excitarit
392 2243 423 2322 (o
443 2244 510 2324 45);
545 2263 626 2324 quae
653 2242 786 2307 nomina
806 2242 926 2307 fuerint
946 2243 1106 2307 sociorum
1126 2240 1230 2307 Ulixis
1250 2242 1305 2327 qui

135 2348 274 2433 aScylla
292 2348 377 2432 rapti
397 2348 592 2432 laceratique
614 2352 703 2427 sunt;
725 2373 764 2415 ex
785 2351 927 2435 quinque
949 2349 1165 2434 operimentis,
1188 2349 1305 2433 quibus

135 2456 268 2522 Achillis
296 2456 429 2541 clupeus
456 2457 617 2522 moenitus
646 2460 709 2536 est,
738 2459 826 2542 quod
846 2457 968 2522 factum
990 2480 1029 2522 ex
1050 2478 1128 2521 auro
1151 2459 1200 2520 est
1218 2479 1305 2520 sum·

134 2586 222 2629 mum
244 2564 346 2628 sitan
368 2564 522 2643 medium,
548 2567 665 2632 Yrss.
708 2564 753 2628 Hi
779 2564 842 2650 ipsi
868 2586 978 2630 versus
1009 2567 1085 2628 sunt
1107 2584 1188 2648 quos
1209 2585 1306 2648 supra

135 2672 316 2736 notavimus
331 2672 506 2737 secundum
522 2671 711 2737 scholiastae
726 2671 919 2737 sententiam
933 2671 1025 2737 fictos
1043 2692 1112 2737 esse
1131 2661 1198 2734 ὑπό
1217 2692 1308 2747 τινος

134 2781 198 2842 τῶν
223 2774 436 2861 βουλομένων
463 2773 642 2865 πρόβλημα
664 2782 785 2846 ποιεῖν.
830 2778 925 2857 Quod
945 2801 1021 2845 vero
1043 2780 1130 2844 idem
1150 2778 1252 2858 addit,
1272 2778 1307 2842 id

135 2909 220 2951 nunc
235 2887 275 2951 ad
288 2908 357 2950 rem
370 2891 514 2952 nostram
528 2887 614 2952 facit.
650 2888 739 2952 Dicit
754 2887 853 2952 enim:
874 2885 929 2950 ἵνα
951 2881 987 2950 δὲ
1007 2882 1053 2971 μὴ
1080 2884 1161 2976 δοκῇ
1182 2878 1307 2961 λύσεώς

134 3018 168 3059 τι
179 2987 343 3080 εἰρηκέναι
354 2986 655 3081 (leg.qaopqne'vcc)
671 2992 727 3060 καὶ
737 2992 794 3059 διὰ
804 2995 902 3061 τοῦτο
913 2986 934 3080 ἦ
940 2989 1127 3081 θετηκέναι,
1146 2989 1247 3080 φησὶν
1255 3031 1305 3058 -.

134 3103 224 3188 Ergo
240 3103 267 3168 si
280 3101 332 3167 vel
345 3103 533 3168 Aristarcho
555 3103 619 3184 (hic
634 3103 719 3168 enim
734 3103 945 3189 significatur)
968 3106 1001 3168 et
1021 3101 1085 3168 illis
1106 3102 1306 3186 temporibus

135 3211 308 3296 aliquando
325 3212 530 3281 commodum
544 3211 657 3290 visum,
678 3232 788 3276 cavere
803 3211 956 3276 invidiam
972 3211 1177 3295 quaestiones
1192 3212 1306 3293 postu·

135 3319 283 3397 lentium,
305 3317 382 3401 quid
401 3321 515 3402 postea
536 3321 568 3382 et
590 3341 609 3383 a
627 3319 843 3384 mediocribus
865 3319 986 3383 factum
1008 3339 1076 3383 esse
1098 3317 1306 3401 putabimus?

217 3427 269 3492 Ad
292 3426 377 3491 idem
404 3426 546 3491 studium
572 3427 798 3511 quaestionum
823 3427 963 3510 pertinet
986 3425 1073 3510 quod
1093 3425 1128 3488 in
1147 3426 1305 3491 recentio-

134 3535 223 3600 ribus
239 3532 403 3598 nonnullis
418 3535 654 3600 commentariis
675 3535 855 3600 invenimus
878 3533 1106 3618 explicationes
1127 3535 1224 3617 atque
1247 3533 1305 3598 ob·

135 3642 330 3707 servationes
357 3641 454 3707 etiam
480 3664 593 3726 graves
615 3646 648 3708 et
668 3642 765 3708 utiles
786 3643 832 3707 ita
853 3645 962 3707 tamen
983 3639 1088 3706 verbis
1110 3641 1248 3725 concipi,
1269 3643 1306 3706 ut

134 3749 271 3813 formam
296 3749 399 3814 iustae
427 3749 625 3833 quaestionis
657 3772 693 3814 ac
719 3749 890 3815 solutionis
916 3748 1065 3814 referant.
1112 3747 1184 3812 Hoc
1211 3748 1305 3832 quale

136 3856 178 3921 sit
201 3856 326 3921 duobus
355 3856 524 3940 exemplisr,
547 3879 612 3922 uno
637 3856 767 3936 Graeco,
789 3856 890 3921 altero
912 3855 1027 3920 Latino
1046 3855 1225 3920 illustrabo.
1267 3853 1305 3919 In

135 3963 238 4030 Servii
259 3963 496 4029 commentariis
516 3964 579 4029 hoc
600 3964 676 4030 fecit
697 3965 733 4043 is,
755 3987 774 4029 a
796 3986 861 4049 quo
884 3964 985 4029 codex
1008 3961 1305 4048 Guelferbytanusl

135 4072 309 4136 adornatus
336 4075 392 4136 est.
438 4070 475 4136 Ε.
498 4092 528 4156 g.
555 4072 595 4136 ad
621 4070 702 4136 Aen.
725 4070 772 4136 HI
794 4079 833 4139 55
859 4072 980 4158 legitur
1005 4072 1040 4136 in
1067 4070 1305 4137 commentariis

134 4178 246 4264 vulgo:
280 4177 489 4261 „Obtruncab
525 4178 641 4243 occidit
664 4179 824 4265 intellige3
853 4202 929 4244 nam
956 4179 1147 4243 obtruncare
1176 4178 1304 4262 proprie

136 4289 184 4350 est
205 4286 309 4371 capite
331 4286 486 4351 caederet
529 4283 593 4351 Sed
621 4285 655 4349 in
683 4287 752 4352 cod.
769 4285 871 4352 Guelf.
891 4286 907 4352 I
928 4286 1086 4351 additum:
1115 4282 1302 4365 „Quomodo

136 4394 320 4473 obtruncat,
348 4416 420 4459 cum
448 4392 490 4459 sit
511 4393 614 4459 hastis
634 4393 867 4478 interemptus?
898 4392 1056 4460 Solvitur:
1083 4392 1159 4476 quia
1179 4393 1302 4456 veteres
