3046 4980
226 356 285 420 302
605 353 607 357 '
673 348 721 405 IV.
744 347 785 404 De
803 347 942 418 prosodia.

223 519 334 599 χεῖρας
355 509 479 599 έφείωε
507 511 601 598 παρά
629 538 667 579 το
695 510 791 579 άπτω
815 508 941 589 άπτοὺς
959 510 1017 577 καί
1036 506 1194 592 άάπτους,
1216 505 1319 599 ἤμουν
1338 512 1401 591 τὰς

226 616 310 706 άχαν
332 616 522 702 ἁπτομένας
547 614 571 708 ἢ
592 609 638 685 ών
661 613 722 686 οόκ
745 614 785 686 όίν
803 642 856 697 τις
875 615 1020 708 άφαιτο,
1055 614 1157 686 οἱονεὶ
1182 611 1395 703 ἀπροσίτους,

226 722 537 813 άπροσπελάστους·
558 725 596 793 τὸ
611 725 648 793 δέ
662 724 867 807 ,καθαπτὸς
882 724 916 793 έν
934 720 1075 816 πεόκῃσι
1089 729 1294 811 Παρνασοῦίι
1315 720 1395 811 παρ’

226 829 391 924 Εὐριπίδῃ
421 832 458 901 ἐκ
491 839 552 900 τοῦ
588 831 756 900 καθάπτω
791 831 919 919 μέμονε,
957 827 1144 911 καθαπτός.
1192 827 1292 899 ολίτω
1325 837 1398 897 Φι-

226 938 398 1022 λόξευος

308 1053 339 1134 2)
368 1051 572 1117 Herodianus
604 1051 645 1116 ad
674 1051 706 1114 Ω
731 1055 792 1118 235
823 1043 991 1136 ἐξεσίηντ
1023 1042 1236 1132 Ἀρίσταρχος
1263 1041 1398 1113 δασόνει

224 1156 284 1245 τὴν
313 1154 469 1241 δευτέραν
493 1149 677 1243 συλλαβήν·
714 1155 807 1240 παρὰ
836 1154 898 1240 γάρ
926 1154 964 1220 τὸ
991 1155 1080 1242 ῗημι,
1112 1150 1228 1242 φησίν,
1258 1149 1398 1238 έχένετο.

226 1261 384 1352 ἐπιφέρει
399 1267 478 1348 χοῦν
496 1260 587 1347 ,,πρδ
610 1261 672 1347 μὰρ
693 1251 756 1350 ἧκε
776 1261 887 1349 πατὴρ
910 1255 1009 1327 άλλοι
1027 1285 1064 1327 τε
1085 1258 1269 1347 γέροντεςίῑ.
1303 1258 1397 1345 παρὰ

225 1367 263 1436 δὲ
275 1394 331 1436 τον
348 1366 420 1457 ἥσω
434 1367 599 1453 μέλλοντα
617 1365 638 1457 ἡ
663 1364 736 1435 έσία
759 1365 886 1454 ἐγένετο
908 1368 966 1435 καὶ
986 1365 1006 1457 ἡ
1029 1364 1138 1449 έξεσία
1159 1363 1204 1446 ὡς
1224 1364 1282 1433 καὶ
1302 1365 1397 1448 παρὰ

224 1476 262 1542 τό
285 1470 384 1564 θήσω
408 1474 525 1543 θυσία·
547 1481 621 1567 ,μιῇ
641 1476 681 1563 δὴ
706 1471 882 1541 συνθεσίαι
903 1485 963 1541 τε“
985 1479 1028 1558 (Β
1049 1480 1131 1560 333).
1173 1473 1210 1541 τό
1235 1468 1317 1540 αότδ
1339 1473 1397 1540 καὶ

226 1581 284 1651 έπί
308 1592 366 1651 τοῦ
393 1588 483 1666 ,μῶν
518 1579 597 1650 ἕνεκ’
626 1579 778 1670 ἐξεσίην(
805 1585 848 1671 <φ
876 1584 941 1668 20).
990 1579 1093 1660 οὕτως
1119 1580 1156 1648 δέ
1177 1579 1239 1651 καὶ
1265 1577 1398 1660 Νικίας.

225 1689 464 1775 Νεοπτόλεμος
486 1684 557 1758 δέό
580 1684 768 1774 Παριανός,
798 1685 903 1775 λέγων
928 1687 1021 1772 παρὰ
1041 1687 1080 1755 τὸ
1103 1685 1229 1769 ἐξιέναι
1249 1693 1399 1776 πεποιῆ-

218 1801 311 1864 σθαι
331 1799 388 1887 τὴν
410 1796 514 1879 λέξιν,
538 1787 610 1864 οἷον
631 1797 692 1884 τὴν
713 1792 892 1886 ἔκπεμψιν,
914 1783 1006 1877 άξιοῖ
1025 1796 1159 1886 φιλοῦν.
1201 1789 1339 1878 άμειυον
1361 1793 1399 1861 δέ

223 1908 271 1990 τῷ
290 1899 493 1993 Ἀριστάρχῳ
524 1894 736 1970 neman
763 1898 928 1992 ἠπίστατο
955 1897 1058 1989 χάρδ
1090 1897 1234 1991 ποιητής
1258 1901 1399 1969 καὶτὸν

223 2007 295 2096 ἥσω
316 2011 480 2094 μέλλοντα
499 2011 719 2094 δασυνόμενον
741 2009 838 2100 ,ἥσω
858 2011 919 2096 χάρ
941 2010 999 2077 καὶ
1020 2004 1111 2096 έχώα
1130 2014 1172 2095 (Ρ
1183 2015 1267 2096 515).
1292 2009 1397 2094 ’παρὰ

225 2115 263 2183 δέ
284 2117 361 2197 τοὺς
379 2117 563 2201 μέλλοντας
587 2113 775 2205 όριστικοὺς
795 2115 923 2204 ἐγένετο
944 2118 1146 2185 τὰτοιαῦτα
1168 2111 1332 2201 όνόματα,
1358 2115 1397 2184 οά

224 2219 303 2311 παρ’
320 2223 498 2304 διεστῶτας
511 2219 756 2315 άπαρεμφάτου
772 2221 959 2310 έχκλίσεως·
980 2218 1076 2292 θόσω
1097 2233 1174 2311 χοῦν
1187 2221 1303 2304 θυσία,
1328 2219 1398 2304 άξω

225 2325 318 2413 άξία,
347 2327 444 2400 δώσω
474 2329 589 2413 δοσία,
613 2326 779 2419 προδώσω
801 2327 985 2418 προδοσία·
1018 2329 1124 2410 οὕτως
1145 2323 1203 2397 οὖν
1225 2330 1284 2397 καὶ
1303 2331 1398 2414 παρὰ

223 2438 282 2507 τὸν
301 2438 373 2527 ἥσω
396 2435 470 2507 έσία
491 2439 547 2507 καί
569 2438 687 2522 ἒξεσία.
731 2441 912 2508 Transtulit
932 2463 1090 2508 summam
1111 2441 1158 2506 rei
1179 2441 1214 2505 in
1237 2463 1398 2507 commen·

214 2549 323 2614 'tarios
344 2571 420 2615 suos
441 2550 533 2618 Eust.
555 2572 586 2635 p.
611 2555 700 2617 1347.

307 2658 338 2739 3)
360 2656 534 2722 Herodian.
571 2657 602 2719 Ω
629 2662 689 2723 247
713 2650 841 2732 δασέως
869 2648 968 2720 δίεπ’
1000 2652 1093 2739 παρὰ
1119 2651 1159 2719 τὸ
1193 2649 1265 2718 ἕπω
1295 2652 1398 2719 δασυ-

156 2826 158 2830 .
223 2757 373 2844 νόμενον·
403 2760 507 2840 οὕτως
532 2761 589 2827 καὶ
608 2755 821 2847 Ἀρίσταρχος
841 2758 898 2826 καὶ
919 2756 952 2826 οὶ
972 2756 1120 2839 πλείους.
1159 2749 1231 2826 οἷον
1253 2757 1312 2825 διὰ
1332 2763 1399 2824 τῶν

224 2861 351 2955 ἀνδρῶν
373 2864 549 2952 ἐπορεύετο
571 2867 629 2934 καὶ
655 2865 766 2934 διίσια
792 2862 920 2946 αότοάς.
963 2866 1021 2935 καὶ
1050 2865 1154 2945 οὕτως
1179 2862 1246 2948 ἔχει
1270 2865 1312 2933 τὰ
1336 2869 1399 2953 τῆς

225 2967 450 3059 ἀναγνώσεως.
499 2976 545 3043 Of.
574 2977 640 3042 sch
664 2977 695 3042 A
723 2977 764 3042 ad
788 2980 818 3040 Β
843 2983 903 3046 207
936 2971 1048 3042 δίεπεε
1080 2974 1138 3041 διά
1169 2977 1229 3040 τοῦ
1255 2977 1398 3058 στρατοῦ

225 3076 363 3168 ἐνήργει.
400 3081 576 3148 δασυντέον
589 3082 628 3147 τὸ
649 3079 735 3148 έπω·
757 3081 924 3168 πρόδηλον
937 3080 1000 3168 (δέ)
1022 3077 1086 3148 κάκ
1099 3086 1159 3170 τῆς
1179 3080 1398 3168 συναλοιφῆς,

226 3181 297 3267 ,,ὡ“ς
318 3184 424 3277 ἔφεπε
437 3186 582 3255 κλονέων
597 3193 651 3276 <A
665 3191 752 3275 496).
789 3190 883 3268 Quod
898 3192 954 3276 qui
968 3192 1107 3257 dubitari
1120 3190 1397 3276 potuerit,·disces

225 3299 265 3362 ab
291 3297 463 3363 Eustathio
489 3321 520 3382 p.
544 3304 619 3379 203,
642 3307 678 3365 11
706 3292 776 3361 ἔστι
802 3294 838 3361 δὲ
864 3295 993 3362 διέπειν
1017 3296 1055 3363 τὸ
1082 3295 1215 3362 τάσσειν
1243 3283 1397 3362 ἀπὸτοῦ

225 3398 295 3468 έπω
317 3402 354 3468 τὸ
378 3401 461 3487 λέγω
484 3397 506 3490 ἢ
528 3401 584 3468 καί
605 3400 642 3468 ἐκ
661 3406 722 3468 τοῦ
744 3399 815 3467 έπω
834 3401 871 3470 τὸ
894 3397 1086 3471 άκολουθώ.
1122 3402 1261 3490 Hesyoh.
1284 3396 1397 3467 δίεπεε

226 3509 400 3595 decinam&
423 3507 576 3575 διέτασσε
599 3552 646 3579 -.
1305 3504 1309 3583 J

144 3638 215 3709 (319)
310 3621 342 3701 4)
364 3623 399 3680 Ν
418 3623 476 3687 381
499 3610 572 3681 άλλ)
601 3612 695 3695 ἕπευ,
724 3610 800 3705 δ’φρ>
830 3613 887 3682 ἐπὶ
906 3617 1007 3704 ,μηυσὶ
1031 3610 1246 3699 συνώμεθα
1272 3636 1397 3680 ποντα·

160 3751 209 3802 307
227 3718 383 3805 πόρωσιν
403 3717 493 3808 ἀμφί
517 3720 629 3810 χάμῳε
666 3726 739 3791 Ηοο
765 3725 838 3791 loco
859 3725 1077 3791 Herodianus:
1102 3726 1199 3788 τοῦτο
1223 3718 1259 3787 δέ
1278 3713 1397 3804 (συνώ-

225 3832 330 3914 μεθα)
347 3823 559 3916 Ἀρίσταρχος
581 3827 725 3910 δασόνει,
750 3826 865 3914 ὑγιῶς·
886 3825 1006 3897 ταότδν
1027 3830 1088 3917 γάρ
1110 3833 1158 3916 τῷ
1178 3824 1397 3910 συνθώμεθα.

227 3931 462 4024 ἐσχημάτισται
487 3928 545 4002 οὖν
572 3931 641 4004 άπὸ
667 3941 727 4003 τοῦ
754 3937 836 4023 ἵημι.
880 3939 976 4025 δηλοῖ
1002 3928 1059 4002 σόν
1085 3935 1122 4003 τὸ
1148 3933 1292 4015 κατὰτὸ
1315 3928 1395 4003 αὐτὸ

227 4039 367 4130 άφώμεν
379 4042 420 4107 τὰ
435 4046 495 4131 τῆς
510 4038 672 4121 διανοίας.
698 4038 760 4109 εἰσὶ
773 4041 889 4126 μέντοι
904 4038 941 4110 οἳ
955 4039 1127 4133 έφίλωοαν
1143 4038 1204 4111 οὐκ
1218 4034 1265 4114 εὖ.
1277 4049 1324 4109 ’Χ
1334 4049 1394 4112 261

227 4146 464 4237 σοννχμοσόναιε
494 4153 581 4235 quod
602 4152 643 4217 ad
665 4173 755 4217 suam
775 4153 982 4218 muniendam
1004 4153 1196 4220 sententiam
1218 4174 1285 4218 non
1306 4152 1396 4218 vide-

293 4385 332 4426 222
350 4382 417 4440 Oed.
436 4381 500 4452 Tyr.
519 4388 568 4438 847
585 4383 621 4437 H.
