3008 4980
301 364 321 412 1.
351 357 527 412 Aristarchus
543 357 670 413 universe
687 358 762 412 hunc
779 356 871 412 locum
890 357 1001 427 egregie
1018 357 1159 413 tractavit.
1265 368 1304 427 47

133 524 255 610 μιακὸν
270 521 309 589 δέ
322 522 423 589 ἐστιν·
447 518 485 591 ού
502 523 628 613 τυφλὸς
642 520 676 602 ἒς
696 519 850 604 σκοπιάς,
875 521 961 590 ἀλλὰ
979 520 1168 590 τούναντίον
1190 524 1306 609 δεδορ-

133 630 212 709 κώς·
239 627 295 707 καί
316 625 335 698 ὁ
354 630 496 722 ποιητὴς
517 625 680 698 ούδέποτε
702 626 811 720 εἴρηκε
832 631 976 722 σκοπιὴν
995 630 1073 711 τοὺς
1094 626 1306 722 ὀφθαλμούς.

135 740 209 808 Sch.
236 744 267 803 (ὓ
288 745 362 809 538:

218 837 263 923 ύίς
282 839 399 935 ἔφαθ’·
420 841 453 912 οἱ
475 841 508 912 d'
532 842 653 914 ἀνεσάν
674 872 709 914 τε
730 842 841 926 πύλας
857 846 914 913 καὶ
934 842 1075 915 ἀπῶσαν
1096 841 1210 937 ὀχῆας·

220 948 255 1018 oi
278 951 315 1019 dc*
335 957 560 1021 πετασθεῖσαι
579 957 694 1037 τεῦξαν
716 956 802 1046 φάος
823 981 880 1021 -.·

137 1054 170 1147 (ἦ
187 1060 303 1150 διπλῇ)
327 1058 381 1128 ὅτι
394 1057 583 1148 Ζηνόδοτος
600 1061 675 1141 τοὺς
694 1060 823 1145 στίχους
843 1058 996 1153 ἠθέτηκε,
1018 1061 1149 1147 γελοῖον
1169 1056 1308 1152 ἡγούμε-

135 1193 193 1247 νος
215 1168 272 1234 διὰ
293 1163 401 1256 πύλης
421 1164 629 1256 φωτίζεσθαι
650 1169 708 1259 τὴν
727 1167 840 1251 πόλιν,
863 1174 922 1235 τού
941 1168 1067 1248 παντὸς
1087 1165 1194 1236 τύπου
1217 1166 1307 1234 ἐναι-

136 1272 238 1362 θρίου
265 1270 369 1355 ὄντος.
412 1275 501 1362 λέγει
528 1275 565 1343 δὲ
589 1281 724 1365 „scitota
750 1272 859 1367 φαόςκ
878 1271 962 1344 ἀντὶ
986 1283 1045 1344 τοῦ
1065 1277 1125 1368 τὴν
1146 1271 1307 1363 σωτηρίαν

133 1387 205 1463 τοῖς
224 1381 401 1474 φεύγουσιν
421 1381 591 1472 ἐποίησαν,
614 1380 660 1464 ὡς
680 1384 715 1452 ἒν
735 1389 782 1472 τῷ
802 1384 922 1475 ,,φόιος
943 1380 976 1452 d'
1000 1381 1166 1471 ἑτάροισιν
1186 1380 1308 1470 ἔθηκεν

136 1486 243 1577 ἀνδρα
268 1490 400 1577 βαλών(ι
429 1497 473 1577 (Z
496 1498 538 1578 6).
580 1494 643 1560 Vel
666 1495 926 1580 frequentissime
953 1495 1188 1561 occurrentium
1213 1514 1307 1559 voca·

135 1601 287 1667 bulorum
300 1605 368 1667 tam
378 1602 550 1667 vacillabat
565 1602 718 1687 cognitio,
732 1608 769 1668 ut
783 1604 976 1688 quibusdam
991 1603 1196 1670 commodum
1204 1603 1308 1667 visum

135 1703 231 1792 ἔγχος
244 1709 351 1792 aliquo
372 1709 443 1775 loco
458 1709 631 1774 Homerico
646 1732 704 1794 pro
720 1711 828 1796 gladio
844 1713 995 1797 accipere,
1018 1712 1106 1796 quod
1120 1710 1307 1776 Aristarcho

137 1818 267 1884 demum
287 1817 492 1883 refutandum
514 1822 583 1882 erat
603 1819 681 1900 (sch.
698 1821 734 1880 H
755 1825 824 1886 255.
847 1819 969 1903 273)²⁷.

220 2035 240 2114 ἓ
266 2038 295 2098 2.
341 2030 410 2097 Iam
445 2032 497 2098 his
526 2033 636 2116 paucis
669 2033 823 2117 exemplis
856 2034 930 2115 (alia
959 2055 1056 2119 porro
1087 2032 1308 2119 progredienti
1321 2042 1375 2113 (56)

138 2141 319 2222 occurrent)
340 2139 536 2225 intelligitur
550 2142 678 2225 quantis
698 2162 737 2206 ex
757 2141 916 2206 erroribus
931 2139 1066 2206 Homeri
1086 2140 1309 2226 interpretatio

137 2247 326 2313 Aristarcho
353 2247 518 2331 eripienda
543 2253 636 2314 esset.
681 2246 753 2324 Quo
781 2248 887 2313 minus
911 2249 942 2314 si
968 2249 1047 2332 quid
1071 2249 1141 2332 ipse
1167 2248 1312 2332 peccavit

137 2357 288 2434 intanto,
308 2359 376 2419 tam
396 2355 494 2434 vario,
517 2359 584 2420 tam
606 2377 690 2421 novo
713 2378 809 2439 quem
831 2357 984 2421 sustinuit
999 2357 1110 2422 labore
1132 2356 1241 2421 mirari
1261 2355 1311 2420 vel

139 2466 316 2530 detrectare
339 2484 478 2547 aequum
491 2463 660 2528 ridebitur.
694 2447 834 2530 Est'ubi
855 2464 890 2528 in
912 2464 1109 2550 etymologia
1129 2463 1238 2547 lapsus
1259 2463 1310 2541 sit,

139 2572 227 2656 quod
244 2591 347 2656 genus
368 2593 440 2636 cum
460 2570 667 2654 antiquorum
689 2572 786 2636 etiam
807 2571 1064 2656 prudentissimis
1085 2571 1191 2637 fraudi
1211 2570 1310 2635 firisse

137 2680 321 2745 inveniatur
351 2699 438 2743 nuno
469 2678 569 2762 (quod
598 2679 652 2743 diu
680 2679 830 2762 debebat)
861 2702 880 2743 a
907 2679 1097 2743 doctissimis
1128 2679 1310 2762 quibusque

138 2787 332 2872 aequissime
358 2785 556 2851 censetur²⁸z
585 2789 634 2851 est
660 2787 717 2854 ubi
744 2791 812 2851 arte
834 2791 867 2851 et
887 2787 1011 2851 ratione
1034 2787 1183 2871 egregius
1204 2784 1311 2849 fallaci

140 2894 280 2978 quadam
309 2893 414 2977 specie
445 2893 592 2959 locorum
625 2893 832 2979 probantium
871 2892 1022 2978 deceptus
1055 2894 1110 2974 sit,
1147 2893 1235 2977 quod
1262 2895 1311 2972 (ut

139 3001 287 3086 exemplo
302 3005 376 3066 utar
389 3023 500 3066 recens
516 3001 706 3085 disceptato)
727 3002 762 3065 in
780 3000 938 3067 vocabulo
960 2996 1100 3086 πρυλέες
1119 3022 1232 3085 passus
1254 3003 1311 3079 est,

139 3111 167 3174 si
189 3109 320 3193 quidem
346 3109 415 3174 eius
436 3109 523 3174 vocis
552 3108 722 3192 explicatio
748 3110 831 3174 bene
858 3109 954 3174 cessit
974 3108 1161 3174 Hermanno
1188 3111 1310 3193 (opusc.

139 3216 252 3303 philol.
273 3215 321 3281 IV
341 3239 372 3300 p.
391 3218 473 3299 288).
512 3216 661 3301 Denique
682 3222 759 3282 sunt
780 3218 953 3301 quaedam,
977 3217 1033 3282 sed
1050 3217 1252 3301 paucissima,
1274 3216 1310 3279 in
1327 3239 1358 3287 47

141 3324 259 3408 quibus
281 3346 338 3388 sua
358 3325 427 3409 ipse
449 3324 555 3390 effecit
575 3325 780 3408 praestantia,
801 3330 839 3390 ut
859 3346 933 3391 vere
955 3325 1005 3389 sui
1027 3323 1189 3389 dissimilis
1209 3323 1309 3388 fuisse

141 3431 294 3496 dicendus
321 3431 371 3496 sit.
421 3430 507 3497 Nam
539 3433 626 3517 quod
655 3432 726 3498 aliis
753 3432 991 3517 quodammodo
1019 3453 1077 3516 pro
1104 3433 1309 3498 excusatione

141 3561 211 3603 esse
226 3539 439 3618 concedimus,
462 3544 500 3605 ut
513 3562 571 3624 pro
587 3541 694 3605 nativa
711 3544 826 3625 poetae
842 3539 1048 3624 simplicitate
1070 3539 1192 3624 aliquid
1214 3561 1310 3625 gran-

141 3647 213 3711 dius
235 3667 353 3712 sonans
379 3651 604 3712 consectentur
623 3647 674 3712 vel
697 3669 735 3711 ex
755 3647 880 3732 vulgari
902 3649 1058 3713 sermonis
1080 3648 1310 3712 consuetudine

139 3754 193 3820 vel
207 3776 246 3818 ex
259 3757 455 3820 remotarum
476 3755 683 3820 dialectorum
705 3756 800 3820 docta
820 3755 1042 3841 suppellectile
1064 3755 1185 3838 aliquid
1205 3759 1310 3820 trans-

208 4006 234 4048 27
250 4003 292 4059 De
313 4003 412 4059 Stoicis
435 4003 527 4058 dicere
546 4019 602 4057 non
625 4020 726 4074 operae
751 4003 873 4075 pretium
899 4006 966 4059 erat.
1002 4003 1083 4059 Teste
1100 4002 1252 4058 Plutarcho
1275 4003 1310 4058 de

141 4092 217 4161 poet.
228 4089 294 4143 aud.
307 4107 335 4159 p.
347 4093 396 4143 310
409 4087 603 4142 in'Homeriois
612 4087 759 4144 Cleanthes
771 4087 861 4144 voluit
872 4090 930 4143 Ζεῦ
947 4081 1155 4144 ἀναδωδωναῖε
1168 4083 1313 4154 „astrion

142 4166 351 4244 ἀναγινώσκειν
371 4163 422 4241 ὑφ’
439 4167 482 4238 ἕν,
507 4163 547 4236 ὠς
568 4167 622 4227 τὸν
644 4169 678 4228 ἐκ
699 4176 750 4242 τῆς
767 4177 819 4243 γῆς
842 4164 1087 4242 ἀναθυμιώμενον
1105 4165 1177 4244 ἀέρα
1195 4166 1244 4228 διὰ
1260 4165 1312 4241 τὴν

142 4250 307 4314 ἀνάδοσιν“.
326 4253 481 4326 Chrysippo
491 4247 620 4325 εύρύοπα
629 4257 774 4327 Κρονίδης
782 4257 964 4312 excellentem
976 4259 1115 4312 oratorem
1126 4256 1310 4327 significabat.

208 4343 234 4382 ²8
251 4358 277 4397 v.
293 4339 426 4395 Niebuhr.
444 4339 509 4394 hist.
527 4339 558 4392 R.
577 4341 590 4394 Ι
609 4359 637 4410 p.
651 4346 690 4395 23.
708 4341 816 4394 Miiller.
835 4340 989 4411 Prolegom.
1009 4341 1099 4409 Myth.
1111 4361 1138 4412 p.
1154 4347 1210 4397 232.
1230 4340 1311 4394 Butt-

142 4441 236 4478 mann.
253 4424 369 4495 Mythol.
388 4424 415 4478 II
434 4442 461 4494 p.
482 4429 540 4480 353.
