3008 4980
221 341 282 403 340
519 335 551 389 V.
575 335 618 390 De
634 335 739 391 criticis
756 334 911 390 Aristarchi
929 333 1095 389 rationibus

139 500 211 569 (³⁶¹)
222 502 427 568 Aristarchus
453 525 509 567 eos
535 526 659 583 versus,
694 506 751 589 qui
776 505 840 590 ipsi
865 526 884 569 u
911 503 1009 568 solita
1033 506 1154 589 poetae
1179 499 1343 565 almitate
1363 501 1393 560 et

221 609 339 674 virtute
354 608 534 694 discrepare
550 613 750 690 videbantur,
773 611 869 678 obelo
887 612 1021 689 notavit,
1041 611 1075 674 id
1089 609 1171 674 fecit
1191 607 1283 692 quod
1300 627 1391 670 unum

221 717 332 782 critico
358 717 462 783 facere
490 721 649 786 convenit
690 719 786 784 Falsa
811 719 922 804 opinio
945 722 1009 797 est,
1035 722 1140 782 artem
1165 715 1312 780 criticum
1330 734 1392 775 om·

221 826 299 890 nino
315 825 550 911 asiugulorum
567 827 687 893 iudicio
708 849 869 910 nusquam
889 827 1031 910 pendere
1052 825 1187 890 debere:
1208 822 1308 887 debet
1326 820 1392 904 quir

221 955 288 998 nou
308 933 403 999 aliter
421 938 544 1018 potest:
565 958 633 1000 uou
654 934 749 1000 aliter
768 938 879 1020 potest
900 935 935 998 iu
955 934 1017 998 hae
1038 936 1123 1011 arte,
1144 953 1222 996 cum
1242 949 1391 1012 nusqunu

220 1042 325 1124 possit
349 1042 385 1106 in
410 1043 507 1107 rebus
533 1043 692 1107 humanis.
736 1041 922 1108 Zenodotus
948 1041 1007 1125 qui
1032 1039 1194 1106 eiusmodi
1219 1058 1331 1103 versus
1348 1034 1391 1099 rel

221 1146 356 1213 calidius
382 1171 423 1214 ex
446 1154 539 1215 textu
560 1151 655 1215 eiecit
679 1149 732 1215 vel
752 1151 890 1215 mutavit
910 1151 1064 1215 audacter
1083 1148 1168 1234 egit3
1194 1144 1390 1211 Aristamhns

220 1254 404 1339 relinquens
412 1256 459 1300 ²⁴³
490 1261 524 1323 et
553 1258 648 1343 signo
679 1257 789 1341 aliquo
819 1258 882 1322 sibi
908 1280 976 1322 non
1001 1256 1135 1342 probari
1160 1254 1311 1319 indicans
1332 1272 1389 1315 nou

220 1362 287 1444 egit
307 1362 471 1443 audacter,
499 1365 565 1429 imo
592 1387 659 1429 nou
680 1368 808 1449 poterat
834 1364 930 1430 aliter
950 1365 1014 1430 nisi
1035 1363 1260 1449 negligentiae
1280 1361 1389 1426 crimen

221 1469 378 1535 sustinere
400 1471 537 1538 volebat.
577 1471 663 1537 Illud
688 1473 872 1558 exemplum
892 1472 989 1538 nobis
1009 1471 1205 1536 imitandum
1226 1473 1287 1535 est
1324 1466 1389 1531 Ari-

220 1577 395 1661 stophanes
411 1582 444 1644 et
457 1579 662 1645 Aristarchus
682 1603 749 1645 uon
770 1580 821 1659 „in
841 1581 1080 1666 elegantiorem
1093 1578 1269 1644 hominum
1287 1578 1389 1640 usum“

220 1684 379 1751 editiones
393 1708 468 1751 suas
481 1689 648 1772 parabant,
669 1687 726 1753 sed
745 1687 875 1753 scholae
889 1692 988 1772 atque
1003 1691 1094 1752 extra
1108 1685 1256 1751 scholam
1269 1681 1389 1748 nemini

220 1792 339 1858 Schola
360 1816 450 1871 vero,
480 1817 563 1879 quae
584 1795 706 1860 discere
726 1797 810 1874 vult,
841 1817 901 1861 nec
923 1795 1009 1860 male
1030 1793 1234 1880 interpositis
1255 1791 1390 1856 versutus

220 1922 327 1966 carere
349 1904 472 1986 potest,
502 1902 588 1967 unde
613 1903 753 1987 plurimu
780 1902 925 1968 discendi
949 1903 1086 1968 materis
1111 1903 1190 1985 (nisi
1219 1900 1307 1965 forte
1334 1918 1389 1963 uno

154 2018 203 2071 346
221 2008 362 2074 alterove
385 2009 438 2074 vel
459 2011 654 2075 testimoniis
680 2015 831 2096 suspecto
852 2011 905 2076 vel
931 2014 1022 2076 extra
1049 2010 1186 2075 modum
1205 2006 1391 2093 ineptoffll

220 2138 279 2180 neo
299 2116 392 2180 malis
413 2117 556 2182 textibus
576 2118 727 2183 innutriri
747 2120 854 2196 decet,
883 2141 982 2203 quare
1004 2117 1175 2183 commode
1195 2117 1233 2181 in
1253 2114 1391 2199 margine

220 2225 377 2309 appositis
390 2226 478 2290 notis
497 2226 696 2304 admonetur,
717 2232 750 2291 et
768 2227 804 2290 in
826 2226 978 2291 omnibus
1000 2224 1140 2312 singulis
1161 2225 1247 2290 scire
1266 2224 1393 2288 interes

219 2333 277 2396 ubi
298 2333 454 2417 magistro
481 2333 640 2399 dubitatio
664 2337 749 2411 orta,
776 2335 904 2399 etiamsi
924 2333 1001 2398 talis
1022 2334 1066 2398 sit
1086 2337 1125 2398 ut
1144 2332 1271 2417 aliquid
1289 2335 1393 2397 centn

220 2439 326 2505 afferri
338 2442 451 2525 possit.
487 2440 541 2507 Sic
556 2444 590 2506 et
602 2441 715 2506 usibus
730 2442 860 2507 scholae
881 2442 961 2506 satis
982 2441 1020 2505 fit
1041 2444 1075 2506 et
1096 2441 1127 2505 ei
1148 2462 1233 2531 quae
1254 2440 1393 2504 criticum

135 2547 313 2620 condecet
333 2547 520 2635 diligentiae
547 2571 606 2614 neo
634 2553 772 2633 pereunt
797 2571 880 2633 quae
907 2550 1045 2614 fortasse
1067 2548 1132 2614 alio
1153 2551 1304 2632 tempore
1323 2568 1393 2631 pro-

220 2657 391 2725 babuntur.
432 2656 532 2722 Modo
553 2678 595 2721 ne
615 2657 650 2720 in
672 2657 727 2737 iis,
750 2679 832 2741 quae
853 2660 972 2721 natura
995 2656 1183 2722 scaminus
1204 2658 1296 2721 certa
1315 2658 1392 2729 sunt

218 2767 315 2828 tenax
336 2769 370 2830 et
384 2764 566 2830 obstinatus
580 2765 632 2829 sit.
670 2763 743 2829 Hoc
756 2786 833 2831 vero
847 2766 963 2831 vitium
975 2765 1012 2828 in
1024 2763 1254 2828 Aristarchum
1266 2763 1392 2828 minime

218 2872 313 2939 cadit.
355 2871 393 2937 Id
417 2873 557 2958 primum
583 2873 724 2938 ostendit
750 2873 819 2938 eius
839 2872 1009 2939 fluctuatio
1038 2872 1235 2956 quibusdam
1255 2871 1291 2935 iu
1309 2870 1392 2945 locis}

218 2979 275 3043 ubi
296 3001 363 3044 non
385 2981 447 3044 nisi
474 2981 529 3045 diu
550 2981 724 3046 meditatus
746 2980 916 3046 certiorem
943 2980 1140 3046 sententiam
1164 2979 1392 3063 pronuntiarit,

217 3087 335 3169 partim
364 3089 556 3153 severiorem
587 3092 624 3153 ut
651 3091 684 3150 I(
709 3092 783 3167 398,
820 3089 877 3154 ubi
907 3089 1050 3173 primum
1077 3086 1209 3172 punctis
1239 3087 1392 3173 appositis

218 3213 315 3276 quam
336 3217 387 3259 res
410 3195 596 3261 dubitabilis
618 3198 703 3260 esset
721 3195 884 3277 iudicavit,
904 3199 1020 3279 postes
1034 3198 1091 3259 aut
1105 3194 1226 3260 exemit
1240 3195 1301 3275 (sic
1314 3215 1392 3258 uuus

215 3298 274 3363 illo
288 3300 362 3366 loco
376 3306 515 3368 testatur
528 3300 690 3383 Nemesio,
712 3304 768 3387 qui
782 3307 892 3368 tamen
913 3303 1136 3388 imprudenter
1154 3301 1286 3368 videtur
1303 3323 1391 3368 voes-

284 3485 322 3525 2⁴³
338 3484 364 3538 N
365 3500 380 3538 e
393 3483 434 3538 ibi
447 3483 561 3555 quidem
572 3483 695 3538 mutavit
705 3485 753 3543 Ar.
771 3485 821 3541 ubi
838 3486 862 3540 si
879 3503 990 3541 versum
1007 3484 1143 3540 exemeris
1160 3485 1321 3540 sententiae
1331 3502 1391 3540 eon

216 3585 303 3622 nexus
321 3568 436 3626 tollitur.
471 3567 638 3640 Exemplum
655 3573 698 3624 est
713 3589 731 3639 χ
749 3575 790 3626 31.
826 3570 868 3627 Sc.
888 3570 938 3625 ubi
957 3587 1053 3625 versus
1069 3569 1178 3640 spurios
1194 3586 1255 3624 esse
1271 3587 1391 3640 pronun·

216 3651 318 3706 tiernus
334 3652 375 3707 ibi
392 3670 449 3708 non
467 3652 599 3709 contiuuo
619 3653 737 3709 dicimus
754 3655 845 3710 nullos
864 3655 947 3711 fuisse
964 3654 1013 3709 sed
1025 3671 1082 3709 nou
1093 3654 1154 3708 hos.
1166 3683 1201 3694 -
1211 3650 1391 3708 Mementote

216 3738 259 3789 cst
276 3735 351 3804 quod
370 3735 473 3791 dicitur
491 3739 520 3791 Σ
535 3743 585 3793 ool
603 3755 637 3793 ex
654 3739 780 3794 versibus
798 3744 932 3809 quattuor
948 3739 1046 3794 fecisse
1065 3741 1123 3793 tres
1147 3738 1288 3808 exemptis
1301 3734 1391 3792 verus

216 3817 289 3889 μετὰ
307 3819 340 3874 δέ
358 3837 428 3888 σφιν
445 3817 588 3888 ἐμέλπετο
607 3824 692 3887 θεῖος
709 3816 811 3887 ἀοιδὸς
828 3826 983 3897 φορμίζων
999 3823 1104 3879 Athen.
1123 3823 1149 3878 V
1167 3841 1191 3879 e
1211 3828 1252 3879 lo.

282 3905 321 3946 2⁴4
337 3903 394 3958 Hos
412 3906 640 3962 commemoravit
656 3906 686 3962 in
703 3907 917 3963 commentariis.
947 3911 1023 3964 1140
1042 3901 1071 3980 (ἦ
1081 3906 1115 3964 δὲ
1125 3910 1226 3979 διπλῆ)
1237 3898 1286 3964 ὅτι
1301 3901 1389 3963 ἔνιοι

214 3981 414 4044 ὑποτάσσουσι
436 3991 537 4060 στίχον
559 3994 628 4062 μὴν
648 3988 705 4064 γὰρ
727 3983 773 4047 ἐπ’
797 3985 879 4056 αὖτις
900 3986 960 4061 ἐγώ
985 3986 1073 4048 δώσω
1096 3995 1200 4066 ξανθῷ
1219 3985 1390 4065 Μενελᾶφ“,

215 4065 329 4143 εὐήθως
344 4064 428 4129 πάνυ.
459 4078 541 4130 1159
559 4078 648 4146 φησὶν
669 4063 888 4147 ὅἊρὶσταρχος
910 4066 956 4132 ὅτι
979 4072 1055 4133 ἔνιοι
1076 4070 1281 4133 mochum:
1295 4069 1388 4146 τοῦτφ

215 4148 330 4223 ,,οἱν’νεκ’
340 4155 407 4214 duel
418 4175 452 4213 κε
471 4153 573 4229 λάβῃσι
591 4158 690 4230 πέλωρ
704 4153 763 4229 ἔχει
776 4152 837 4216 οὐδ’
849 4153 987 4231 ἄνίησιν“.
1019 4152 1074 4217 οὐκ
1087 4155 1163 4218 εἶναι
1174 4160 1209 4217 δὲ
1220 4161 1389 4232 ἀναγκαῖον,

214 4245 244 4299 Ν
255 4248 304 4301 808
322 4229 350 4314 (ἦ
362 4242 458 4314 διπλῆ)
477 4231 522 4298 ὅτι
542 4236 707 4314 Ζηνόδοτος
723 4238 885 4300 dretturer
902 4241 982 4316 „elsa
999 4239 1058 4318 γάρ
1076 4263 1130 4317 σφι
1147 4252 1239 4303 πᾶσιν
1254 4243 1388 4315 ἐκέκριτο

215 4320 325 4398 θάρσεϊ
339 4327 463 4401 soltpl‘t
497 4329 638 4383 τοῦτοδὲ
661 4324 710 4383 ἐπὶ
730 4332 791 4383 τῶν
807 4327 1012 4401 προκειμένων
1033 4331 1180 4400 δηλοῦται.
1213 4331 1266 4386 καὶ
1287 4318 1388 4397 tuol-

217 4428 345 4485 σταρχος
360 4413 429 4484 stol
441 4416 494 4469 roo
511 4412 613 4481 στίχου
631 4406 725 4477 οὕτως
736 4409 823 4483 λέγει,
843 4400 888 4469 tu
905 4412 1015 4478 ἐντοῖς
1031 4416 1240 4486 Ζηνοδντεὶοις
1254 4409 1388 4484 ἐφέρετο.
