3008 4980
215 283 276 350 210
395 272 442 333 III.
469 272 511 333 De
527 270 682 333 Aristarchi
698 266 816 333 scientia
833 264 1010 346 antiquitatis
1026 265 1200 331 Homericae.

215 447 316 531 igitur
330 469 367 511 ac
389 447 487 512 serias
509 447 713 530 quaestiones
735 468 774 511 ex
794 445 888 510 laetis
909 445 1065 509 eiusmodi
1087 443 1215 510 circulis
1237 443 1384 508 exclude·

214 554 303 618 bant.
341 553 455 631 Qualia
469 558 581 619 contra
598 554 785 620 admiserint
800 557 897 636 atque
911 551 1126 636 probaverint,
1148 573 1188 616 ex
1201 550 1384 632 Plutarcho,

214 659 395 740 Macrobio,
428 660 613 741 Athenae0,
648 661 752 727 Gellio
781 659 982 744 intelligitur.
1023 650 1118 724 Gellii
1150 659 1283 743 quidem
1308 659 1383 723 duas

215 766 338 851 lepidas
367 769 637 849 narratiunculas,
668 770 785 853 quibus
812 769 892 833 hacc
927 766 1117 832 convivandi
1142 767 1226 831 ratio
1256 766 1383 853 egregie

215 875 406 954 illustratur,
433 877 571 941 orationi
597 897 688 941 meae
714 874 923 940 includendas
948 873 1066 959 putavi.
1109 872 1173 939 VII
1198 878 1235 940 13
1262 873 1383 953 „Facti-

215 986 320 1048 tatum
342 983 609 1067 observatumque
631 984 693 1049 hoc
712 983 851 1048 Athenis
872 985 922 1046 est
942 981 982 1047 ab
1003 980 1063 1057 his,
1088 981 1144 1065 qui
1166 984 1260 1046 erant
1280 980 1383 1066 philo·

216 1089 319 1174 sopho
341 1088 447 1155 Tauro
474 1091 657 1155 iunctiores.
699 1089 806 1167 Quum
832 1091 962 1155 domum
984 1111 1074 1153 suam
1095 1108 1156 1153 nos
1177 1092 1321 1167 vocaret,
1345 1111 1383 1153 nc

216 1197 361 1272 omnin0,
383 1201 421 1262 ut
442 1198 570 1276 dicitur,
591 1200 750 1264 immunes
772 1201 805 1263 et
826 1196 982 1282 asymboli
1002 1196 1198 1273 veniremus,
1225 1196 1383 1261 coniecta·

215 1304 329 1368 bamus
351 1304 391 1368 ad
413 1305 582 1370 coenulam
604 1329 670 1370 non
692 1306 842 1389 cupedias
864 1304 1022 1383 ciborum,
1043 1303 1100 1368 sed
1121 1303 1267 1389 argutias
1289 1325 1384 1388 quae·

216 1411 367 1475 stionum.
405 1411 635 1497 Unusquisque
661 1412 763 1499 igitur
787 1415 934 1477 nostrum
960 1413 1160 1475 commentus
1190 1414 1383 1496 paratusque

215 1517 284 1581 ibat
312 1519 397 1602 quod
429 1523 608 1602 quaereret:
644 1523 774 1604 eratque
803 1519 932 1584 initium
964 1517 1118 1602 loquendi
1151 1518 1271 1583 edundi
1304 1518 1383 1583 finis,

151 1636 200 1686 213
220 1624 462 1701 Quaerebantur
489 1629 598 1690 autem
628 1649 694 1691 non
720 1626 831 1712 gravia
854 1648 913 1690 nec
941 1625 1129 1704 reverenda,
1157 1627 1215 1691 sed
1240 1621 1385 1710 ἐνθυμη-

215 1725 321 1812 μάτια
355 1734 511 1816 quaedam
541 1732 649 1816 lepida
675 1736 707 1798 et
735 1734 859 1797 minuta
886 1736 918 1797 et
943 1732 1113 1798 florentem
1141 1733 1217 1798 vino
1244 1733 1384 1798 animum

215 1839 411 1905 lacessentia.
440 1839 541 1916 Quale
556 1841 618 1905 hoc
632 1840 732 1905 ferme
748 1844 797 1906 est
811 1840 1000 1907 subtilitatis
1014 1840 1156 1905 ludicrae
1171 1841 1260 1924 quod
1277 1840 1384 1905 dicam.

217 1945 406 2023 Quaesitum
422 1951 478 2025 est,
500 1948 628 2030 quando
650 1949 791 2013 moriens
811 1952 998 2028 moreretur,
1021 1970 1121 2032 quum
1141 1947 1207 2012 iam
1228 1947 1263 2011 in
1283 1950 1384 2012 morte

217 2056 309 2130 essct,
333 2076 374 2118 an
390 2076 490 2137 quum
509 2055 675 2120 etiamtum
693 2056 728 2119 in
746 2057 813 2120 vita
833 2055 931 2121 foret:
952 2058 984 2120 et
1006 2054 1134 2139 quando
1158 2076 1296 2140 surgens
1317 2076 1384 2119 sur·

217 2163 321 2245 geret3
357 2183 456 2244 quum
481 2160 545 2225 iam
568 2166 681 2243 staret,
712 2185 753 2226 an
781 2185 881 2246 quum
907 2163 1074 2228 etiamtum
1100 2161 1240 2227 sederet:
1272 2166 1306 2227 et
1332 2161 1384 2246 qui

217 2271 318 2332 artem
333 2268 468 2334 disceret
489 2271 616 2353 quando
640 2271 753 2336 artifex
774 2271 879 2353 fieret3
902 2293 1002 2354 quum
1022 2270 1088 2334 iam
1110 2272 1203 2349 esset,
1224 2292 1267 2334 an
1289 2292 1385 2354 quum

136 2382 206 2454 (217)
219 2375 385 2440 etiamtum
411 2399 477 2441 non
503 2381 604 2442 esset“
604 2427 745 2445 .......
772 2375 880 2443 XVIII
899 2383 918 2444 2
939 2376 1139 2458 „Saturnalia
1158 2377 1298 2443 Athenis
1318 2377 1384 2463 agi·

217 2484 364 2548 tabamus
379 2483 481 2550 hilare
496 2508 643 2571 prorsum
665 2509 702 2551 ac
722 2485 867 2550 modeste
886 2534 959 2552 ....
981 2484 1259 2551 Conveniebamus
1280 2489 1386 2550 autem
1456 2480 1458 2484 ’

218 2592 258 2655 ad
280 2591 414 2656 eandem
429 2615 562 2658 coenam
577 2592 797 2679 complusculi,
819 2592 875 2676 qui
895 2592 1033 2658 Romani
1054 2593 1088 2656 in
1104 2591 1271 2658 Graeciam
1292 2616 1385 2658 vene·

217 2722 323 2764 ramus
339 2700 458 2784 quique
474 2701 601 2765 easdem
615 2701 796 2765 auditiones
811 2701 1005 2785 eosdemque
1026 2701 1172 2765 doctores
1194 2700 1385 2767 colebamus.

217 2805 301 2872 Tum
328 2806 384 2890 qui
411 2807 578 2872 coenulam
605 2807 715 2873 ordine
742 2831 801 2873 suo
829 2809 975 2883 curabat,
1007 2807 1185 2891 praemium
1216 2808 1385 2874 solvendae

218 2914 417 2997 quaestionis
444 2916 586 2999 ponebat
611 2915 730 2981 librum
757 2917 873 2980 veteris
901 2915 1064 2999 scriptoris
1086 2915 1137 2980 vel
1159 2914 1317 2981 Graecum
1337 2914 1386 2981 vel

216 3021 380 3102 Latinum,
408 3025 440 3085 et
461 3044 613 3087 coronam
635 3045 652 3087 e
673 3023 764 3088 lauro
783 3023 926 3107 plexam;
957 3023 1157 3106 totidemque
1179 3044 1230 3087 res
1253 3044 1385 3106 quaere·

216 3130 281 3207 bat,
304 3133 384 3214 quot
398 3119 544 3194 homines
561 3129 635 3194 istic
650 3151 784 3208 eramus,
807 3152 971 3214 quumque
987 3153 1039 3195 eas
1056 3150 1166 3194 omnes
1188 3132 1387 3214 exposuerat,

217 3260 286 3302 rem
311 3237 482 3320 locumque
508 3237 634 3302 dicendi
661 3258 729 3301 sors
761 3238 921 3302 dabat¹3⁰.
972 3237 1125 3315 Quaestio
1154 3237 1256 3322 igitur
1282 3236 1387 3302 soluta

219 3366 338 3409 corona
364 3349 396 3410 et
417 3345 558 3426 praemio
581 3345 776 3422 donabatur,
805 3367 872 3409 non
894 3345 999 3410 soluta
1020 3349 1128 3410 autem
1149 3344 1388 3410 tramittebatur

219 3451 259 3516 ad
281 3474 362 3531 eum,
385 3453 440 3535 qui
462 3453 576 3518 sortito
598 3457 808 3517 successerat:
836 3454 933 3537 idque
952 3454 986 3517 in
1009 3455 1120 3518 orbem
1140 3453 1209 3518 vioe
1230 3453 1301 3537 pari
1322 3473 1386 3517 ser·

218 3558 361 3623 vabatur.
396 3558 431 3625 Si
446 3581 540 3624 nemo
557 3560 752 3625 dissolvebat
767 3561 965 3645 quaestionis
980 3561 1047 3626 eius
1062 3582 1190 3639 nomen,
1210 3560 1388 3645 praemium

218 3665 324 3748 ipsum
347 3669 379 3729 et
401 3688 519 3731 corona
541 3669 609 3746 deo,
632 3667 721 3732 cuius
744 3669 777 3733 id
797 3669 918 3733 festum
939 3673 1016 3752 erat,
1039 3669 1213 3734 dicabatur.
1248 3665 1388 3745 Quaere-

217 3773 336 3836 bantur
357 3776 465 3838 autem
486 3796 537 3839 res
556 3774 748 3854 huiusmodi,
771 3779 826 3840 aut
847 3769 1002 3841 scatentia
1017 3790 1131 3862 poetae
1154 3788 1265 3839 ceteras
1288 3772 1390 3859 tepide

218 3881 365 3963 obscura,
392 3884 447 3944 aut
468 3880 621 3947 historiae
644 3883 833 3967 antiquioris
855 3883 1036 3969 requisitio,
1064 3887 1121 3948 aut
1142 3882 1261 3946 decreti
1283 3882 1389 3947 cuius·

288 4080 325 4120 13⁰
341 4078 463 4135 Maerob.
475 4078 556 4134 Vur
572 4079 782 4151 sortiamurquc,
801 4083 824 4137 si
843 4082 962 4145 videtur,
981 4085 1014 4138 ut
1031 4098 1081 4151 per
1099 4079 1226 4134 ordinem
1243 4077 1390 4149 unusquis·

221 4180 275 4234 que
292 4166 433 4235 proponat
450 4180 535 4232 quam
552 4164 713 4219 solvendam
725 4166 854 4222 aestimet
867 4167 1067 4237 quaestionem.
1096 4165 1169 4219 Plut.
1184 4183 1272 4234 symp.
1286 4164 1326 4218 IX
1337 4169 1363 4231 2,
1379 4170 1389 4220 l

221 4244 310 4314 ἔθους
321 4247 354 4304 δὲ
366 4244 452 4312 ὄντος
468 4246 500 4303 ἐν
512 4255 574 4312 τοῖς
585 4248 745 4313 Μουσείοις
762 4254 888 4322 κλήρους
904 4252 1119 4324 περιφέρεσθαι
1137 4251 1188 4305 καὶ
1205 4248 1274 4313 τοὺς
1290 4252 1394 4305 outte-

219 4324 326 4404 χόντοις
341 4324 474 4402 ἀλλήλοις
492 4334 659 4401 προτείνειν
674 4327 819 4406 φιλόλογα
838 4339 993 4408 ζητήματα.
