3008 4980
217 239 277 300 344
516 229 548 283 V.
572 227 614 282 De
631 227 734 283 criticis
754 227 908 282 Aristarchi
925 225 1090 282 rationibus.

216 397 395 462 Aristarchi
421 419 472 462 ars
499 400 532 462 et
557 397 672 462 merita
697 398 775 463 satis
805 397 983 482 praedicari
1007 398 1187 479 nequeunt.
1233 391 1380 481 Exempla

216 528 275 590 per
295 508 400 570 totum
420 504 540 570 librum
561 507 709 570 nostrum
732 527 843 590 sparsa
863 507 941 570 sunt
962 507 996 569 et
1015 505 1081 570 iam
1107 507 1189 569 nota
1214 502 1380 568 lectoribus

217 613 475 695 recordantibus,
503 635 584 698 quae
612 613 696 678 dicta
718 613 848 677 suntin
869 606 1024 693 βάλλειν,
1049 603 1207 699 φράζειν,
1229 602 1379 695 μάχαιρα,

216 714 318 797 ἴσκεν,
341 721 467 796 στεῦτο,
490 715 680 803 γεγωνέμεν,
705 722 791 803 γυῖα,
814 720 993 803 κερτομεῖν,
1015 718 1094 785 item
1113 718 1152 784 de
1172 718 1260 796 aliis3
1280 718 1319 784 de
1338 741 1380 784 se·

216 829 345 913 pultura
366 832 568 894 mortuorum
591 831 632 914 (p.
656 832 735 911 193),
759 830 797 894 de
819 827 970 893 Hectoris
990 826 1157 912 quadrigis
1180 828 1225 911 (p.
1250 828 1328 908 194),
1348 826 1380 891 de

218 935 353 1012 Achille,
374 935 524 1015 Hercule,
545 935 656 1019 Musis,
676 935 792 1001 Paride
814 935 950 1020 aliisque
972 935 1006 1000 in
1028 936 1144 1001 eodem
1164 934 1284 1019 capite3
1312 933 1381 1000 item

217 1043 252 1106 in
274 1043 567 1128 geographicis248.

749 1480 790 1555 Ο.
817 1480 864 1555 ΙΙ.

586 1648 635 1711 Dc
657 1646 873 1712 commeando
893 1647 1029 1717 lactabas.

304 1815 384 1880 Cum
412 1835 524 1878 recens
551 1814 715 1898 quondam
747 1814 787 1878 ab
814 1813 1003 1896 Aristonici,
1030 1814 1224 1894 Herodiani,
1255 1816 1384 1881 maxime

220 1945 296 1989 vero
317 1921 448 2005 Didymi
473 1921 654 2003 laboribus,
686 1943 823 2006 quorum
848 1921 1007 1987 rationem
1033 1925 1065 1987 et
1093 1921 1265 1988 consilium
1289 1923 1386 2008 prima

136 2024 210 2094 (366)
224 2030 448 2096 dissertatione
468 2027 703 2112 explicavimus,
726 2027 838 2094 Wolfii
854 2029 1087 2116 prolegomena
1107 2030 1239 2106 adirem,
1260 2031 1341 2095 mira
1359 2033 1387 2095 et

221 2140 348 2223 praeter
372 2136 644 2221 exspectationem
670 2137 785 2201 accidit
811 2137 871 2202 viri
891 2137 1160 2222 praestantissimi
1185 2160 1250 2204 vox
1269 2142 1387 2204 veteres

222 2245 349 2310 criticos
363 2243 613 2328 haudquaquam
627 2244 747 2309 nostris
762 2243 860 2308 simili
878 2245 1046 2330 diligentia
1059 2246 1168 2312 irrisae.
1194 2244 1245 2325 „N
1247 2245 1389 2325 oudum“,

221 2353 328 2437 inquit
351 2354 394 2437 (p.
413 2351 592 2434 COXXXI),
613 2352 709 2432 „satis
730 2350 939 2419 refutavimus
957 2353 1124 2441 vulgarem
1145 2375 1299 2433 errorem,
1328 2375 1388 2437 quo

221 2461 315 2526 facile
338 2460 483 2526 ducimur
502 2481 621 2538 omnes,
643 2462 680 2525 ut
700 2459 827 2525 criticos
851 2461 1054 2545 antiquitatis
1076 2460 1208 2543 horum,
1230 2460 1287 2545 qui
1307 2483 1390 2526 nunc

213 2573 306 2647 sunt,
329 2567 449 2633 similes
472 2572 569 2653 atque
587 2567 809 2633 Aristarchum
830 2568 864 2632 in
886 2568 997 2653 primis
1017 2566 1159 2634 Bentleii
1180 2589 1239 2633 seu
1253 2568 1390 2635 Valcke-

222 2677 305 2741 narii
332 2699 389 2741 seu
417 2675 564 2760 quisquis
586 2676 720 2760 antiqua
747 2675 866 2760 scripta
892 2676 962 2761 pari
988 2676 1120 2762 ingenio
1147 2676 1273 2761 expolit
1292 2676 1390 2763 longe

222 2783 419 2848 simillimum
441 2788 618 2868 putemus“.
658 2783 819 2868 Equidem
845 2783 932 2866 quod
953 2783 1108 2849 hocloco
1133 2783 1172 2849 de
1195 2784 1314 2851 criticis
1336 2808 1391 2850 an-

241 2943 252 2948 -
260 2942 430 2949 .———-—

287 3020 326 3060 24⁸
345 3015 408 3073 Non
429 3017 511 3087 potui
534 3015 568 3071 de
586 3016 782 3087 Aristophanis
805 3033 890 3087 opera
911 3017 941 3070 in
958 3016 1083 3072 versibus
1100 3017 1216 3074 Homeri
1232 3019 1336 3090 spuriis
1351 3020 1394 3075 vel

221 3101 348 3157 eruendis
371 3101 416 3157 vel
438 3101 620 3157 defendendis
641 3102 734 3174 posita
751 3102 850 3157 dicere.
885 3099 962 3166 Quae
979 3101 1057 3156 haud
1075 3101 1160 3157 dubie
1179 3103 1296 3159 maximi
1312 3105 1394 3160 aesti-

221 3187 324 3242 manda
336 3189 385 3244 est.
413 3187 474 3242 Hoc
485 3187 573 3258 igitur
591 3184 658 3240 olim
675 3186 795 3256 patebit,
813 3189 948 3254 quantam
966 3185 1019 3241 sibi
1036 3190 1154 3256 uterque
1171 3187 1202 3242 in
1219 3189 1274 3244 hoc
1292 3207 1394 3261 genere

221 3272 325 3340 gloriae
337 3275 447 3342 partem
457 3270 590 3326 vindicet.
602 3301 635 3311 -
648 3269 682 3324 In
693 3270 740 3325 via
756 3271 792 3325 ab
810 3269 853 3324 his
870 3272 1025 3325 monstrata
1042 3270 1147 3340 partim
1163 3273 1304 3342 progressi
1320 3275 1394 3337 sunt,

136 3357 209 3428 (366)
223 3358 284 3411 turn
295 3355 475 3411 laudabiliter
486 3359 547 3412 tum
564 3355 606 3410 ita
623 3357 655 3411 ut
673 3355 855 3410 abuterentur
873 3354 1007 3425 exemplo.
1037 3354 1153 3422 Partim,
1170 3356 1250 3410 utin
1268 3373 1299 3412 re
1317 3356 1396 3412 dubi·

221 3439 310 3506 tabili,
329 3443 427 3496 contra
444 3439 628 3511 scripserunt,
651 3442 684 3494 ut
701 3438 875 3495 Callistratus
894 3440 983 3510 (cuius
1000 3440 1156 3510 complures
1172 3440 1303 3497 norimus
1319 3442 1397 3498 athe·

220 3526 301 3597 teses)
319 3520 393 3594 πρὸς
413 3524 466 3589 τὰς
484 3517 639 3594 ἀθετήσεις
657 3525 692 3595 (Α
709 3525 783 3595 423),
807 3523 965 3579 Demetrius
981 3523 1061 3579 Ixion
1077 3517 1152 3595 πρὸς
1169 3525 1238 3591 τοὺς
1253 3526 1398 3598 ήθετημέ-

221 3628 289 3673 νους
300 3612 323 3664 Ζ
335 3614 392 3665 437.
422 3610 503 3673 illoc,
523 3599 761 3677 ἀπολογούμενος
779 3602 854 3678 πρὸς
870 3602 922 3672 τάς
934 3599 1088 3677 ἀθετήσεις
1100 3609 1134 3663 Μ
1143 3613 1199 3664 175.
1230 3604 1398 3679 Ζηνόδοτος

220 3687 294 3763 πρὸς
320 3688 372 3758 τάς
398 3684 554 3763 ἀθετήσεις
575 3691 650 3747 Suid.
674 3725 708 3732 —
732 3693 881 3747 Credamus
906 3702 1088 3763 (quamquam
1115 3694 1191 3762 quod
1211 3694 1278 3751 Pius
1302 3711 1397 3750 versus

220 3778 254 3832 M
264 3783 311 3834 175
324 3795 383 3847 sqq.
403 3777 551 3833 defendere
563 3776 654 3833 voluit
665 3777 738 3832 male
749 3777 866 3844 factum)
887 3779 936 3832 sed
953 3777 1098 3833 credamus
1116 3777 1216 3832 horum
1228 3782 1396 3849 argumenta

155 3870 204 3921 350
222 3862 337 3918 meliora
354 3861 446 3925 fuisse,
465 3878 549 3930 quarn
566 3879 699 3932 magnam
715 3865 826 3932 partem
844 3879 948 3927 eorum,
967 3880 1039 3932 quae
1056 3881 1132 3918 nunc
1149 3880 1166 3916 a
1183 3862 1338 3919 scholiastis
1355 3865 1394 3918 af-

220 3949 354 4011 feruntur,
372 3945 478 4017 partim
494 3945 605 4016 singula
623 3945 739 4016 singulis
757 3946 912 4002 Aristarchi
929 3947 1102 4017 argumentis
1120 3946 1275 4004 interiecta.
1305 3947 1394 4014 Quam

218 4032 249 4086 hi
266 4048 349 4102 saepe
366 4029 467 4101 pingui
484 4029 530 4084 fflo
548 4032 649 4099 agunt!
667 4063 701 4070 —
717 4031 830 4087 Possum
849 4031 932 4102 plura
943 4049 1056 4088 monere
1068 4051 1125 4088 non
1135 4031 1261 4099 inutilia3
1279 4032 1328 4088 sed
1340 4033 1394 4088 hoc

220 4116 319 4182 dicam,
337 4133 372 4171 ne
385 4113 446 4184 quis
458 4113 646 4168 Aristonicum
662 4114 757 4185 legens
771 4114 951 4171 obliviscatur
963 4117 1129 4172 athetasium
1147 4119 1315 4187 argumenta
1330 4133 1393 4187 par·

219 4202 271 4257 tim
290 4219 323 4256 ex
341 4199 467 4271 pluribus
484 4214 576 4269 pauca
593 4216 667 4254 nunc
684 4198 817 4265 inveniri,
840 4200 945 4270 partim
962 4201 1033 4256 talia
1050 4200 1152 4272 quibus
1169 4199 1301 4272 discipuli
1319 4217 1392 4271 quae

220 4286 412 4341 Aristarchum
428 4282 579 4339 movissent
596 4288 761 4354 argumenta
778 4284 953 4344 adauxerint.
