3008 4980
230 344 288 403 164
409 334 454 387 111.
481 334 522 389 De
539 334 693 389 Aristarchi
709 335 825 391 scientia
842 335 1020 406 antiquitatis
1036 335 1208 394 Homericae.

225 501 297 567 vide
328 502 489 585 quomodo
517 503 685 587 acceperit:
716 496 748 590 (ἡ
774 503 892 591 διπλῆ)
919 499 971 568 ὅτι
997 525 1076 588 ορος
1096 498 1115 569 ὁ
1133 498 1352 584 Ὄλυμπος(
1384 551 1391 564 .

227 608 313 692 quod
336 608 451 674 dicitur
472 609 610 674 culmina
630 610 761 695 habere)
784 609 841 677 καὶ
862 607 914 677 ὅτι
935 604 1156 693 ὑπερθετικὸν
1178 603 1251 675 ἀντὶ
1272 603 1392 690 ἁπλοῦ,

226 708 390 803 ἀκροτάτη
419 709 492 780 ἀντὶ
518 724 575 781 τοῦ
601 710 698 804 ἀκρφ.
742 712 779 784 οὗ
807 714 957 805 ζητητέον
983 708 1141 795 οὖνπῶς
1167 715 1225 783 τὸν
1250 710 1337 800 ὑπὲρ
1363 716 1391 798 (1

224 817 304 906 ὑπὸ)
324 820 365 887 τὰ
384 819 468 911 νέφη
488 819 594 890 τόπον
615 817 798 912 ἀκροτάτην
815 819 923 912 εἴρηκε
943 828 1001 891 τοῦ
1018 847 1076 911 την
1097 825 1132 909 (l.
1146 817 1391 913 aequoqu)¹⁰²··

225 928 313 1016 λέγει
345 930 407 1015 γὰρ
440 925 545 1017 ἀκρον
575 926 786 1018 οἱανδήποτε.
834 933 949 999 Recte:
982 925 1147 1022 ἀκροτάτη
1180 936 1315 1022 κορυφῇ
1345 937 1392 998 est

225 1040 317 1125 quasi
330 1041 499 1106 vernacule
522 1041 621 1106 dicas:
643 1040 702 1105 auf
717 1040 868 1106 h'ochster
884 1041 1002 1125 Spitze.
1037 1041 1122 1106 Hine
1143 1042 1253 1107 omnia
1273 1043 1390 1108 montis

224 1143 434 1228 πολυπτύχου
457 1149 631 1213 eminentia
651 1148 791 1213 culmina
812 1150 857 1213 sic
879 1149 1040 1228 dicuutur,
1066 1150 1131 1216 sive
1153 1150 1391 1235 supereminent

224 1257 327 1321 nubes
355 1240 405 1339 (ut
430 1256 459 1320 Θ
481 1260 499 1321 3
528 1256 586 1321 ubi
610 1256 695 1320 idem
725 1259 848 1323 observ.
870 1250 923 1323 ότι
945 1249 1017 1320 ἀντὶ
1037 1259 1097 1321 τοῦ
1118 1248 1217 1344 ἀκρρι)
1239 1259 1305 1322 sive
1327 1277 1390 1321 non

224 1364 470 1448 supereminent.
503 1399 541 1410 -
569 1362 724 1447 Olympus
750 1385 843 1428 mous
873 1367 937 1430 est:
969 1363 1031 1428 hoc
1056 1359 1196 1449 primum
1217 1364 1391 1429 ostendunt

224 1470 367 1556 epitheta
388 1476 421 1535 et
443 1470 529 1554 quod
559 1469 627 1534 eius
651 1468 789 1534 culmina
810 1475 1110 1536 commemorantur:
1146 1474 1173 1537 0
1194 1477 1244 1538 21.
1271 1473 1311 1534 A
1332 1474 1389 1538 402

223 1574 276 1668 ὅτι
300 1575 428 1662 μακρὸν
453 1575 511 1642 τὸν
529 1568 707 1658 ’Όλυμπον
734 1571 778 1653 ὡς
804 1569 897 1661 όρος·
925 1575 984 1642 τὸν
1011 1574 1047 1642 δέ
1072 1571 1213 1663 οὐρανὸν
1235 1569 1332 1660 εὗρόν
1342 1577 1390 1642 ¹⁰³.

222 1684 304 1751 Item
329 1688 358 1750 Θ
381 1692 439 1754 199
460 1676 792 1769 μακρὸνὌλυμπονε
814 1682 843 1766 (r‘
862 1683 977 1771 διπλῆ)
999 1679 1053 1751 ότι
1073 1678 1390 1770 μακρὸνὌλυμπον

223 1787 268 1870 ὡς
283 1786 367 1874 όρος.
402 1796 431 1854 Σ
446 1799 504 1861 186
518 1787 551 1879 (ἡ
570 1791 687 1879 διπλῆ)
703 1787 755 1857 ὅτι
777 1783 823 1868 ὡς
842 1785 920 1875 όρος
940 1791 997 1857 τὸν
1008 1786 1185 1876 Ὄλυμπον
1207 1785 1389 1881 ἀγάννιφον

222 1896 317 1983 λέγει.
354 1904 389 1962 Ν
403 1907 462 1968 754
484 1893 559 1985 όρεϊ
576 1893 726 1986 νιφόεντι
747 1891 882 1977 έοικιόςι
902 1893 934 1987 (ἡ
955 1899 1074 1988 διπλῇ)
1098 1897 1151 1967 ὅτι
1172 1895 1332 1986 νιφόεντα
1351 1895 1390 1963 τὰ

223 2001 292 2094 όρη.
327 2006 385 2072 καὶ
396 2000 572 2089 Ὄλυμπος
584 2009 759 2091 τοιγαροῦν
774 1998 864 2088 teog-
887 2002 1019 2096 νιφόεις
1031 2006 1094 2092 γάρ
1110 2005 1241 2093 λέγεται
1255 2010 1297 2091 (Σ
1309 2010 1389 2090 616).

223 2113 301 2194 ζ44
324 2117 387 2181 hoo
415 2116 537 2180 habent
558 2115 692 2181 scholiat
727 2106 803 2180 οότε
825 2109 905 2194 χιὼν
932 2110 1168 2180 έπιπίλναταιε
1204 2107 1389 2196 άχιόνιοτον

221 2220 281 2306 μὲν
309 2217 408 2288 αὐτὸν
435 2215 504 2287 ἀπὸ
526 2226 590 2289 τῶν
617 2216 768 2307 ἀνωτέρω
796 2225 906 2308 μερῶν
928 2218 1029 2307 λέγει·
1056 2216 1241 2311 ἀγάννιφον
1263 2219 1300 2287 δὲ
1322 2215 1387 2286 ἀπὸ

139 2339 210 2410 (169)
222 2334 286 2396 τῶν
311 2325 484 2414 κατωτέρω
510 2329 594 2413 μετὰ
617 2329 659 2395 τά
687 2327 771 2418 νέφη
795 2325 916 2397 τόπων.
958 2331 1011 2399 sic
1038 2332 1227 2417 explicuisse
1250 2331 1389 2396 Aristar·

222 2442 317 2506 chum
339 2462 405 2505 nou
422 2443 531 2525 potest
553 2440 687 2505 dubium
709 2462 792 2517 esse;
813 2461 872 2504 neo
895 2439 973 2524 quid
988 2439 1203 2506 Voelckerum
1223 2438 1258 2502 in
1280 2459 1318 2504 ea
1337 2460 1388 2503 ex-

221 2549 393 2634 plicatione
416 2548 557 2613 offeudat
585 2553 627 2632 (p.
651 2551 682 2632 6)
704 2547 861 2633 intelligo.
902 2546 1012 2612 Finxit
1037 2548 1197 2613 Homerus
1220 2546 1388 2631 Olympum

221 2657 306 2722 ultra
319 2656 421 2721 nubes
437 2654 655 2721 cacuminibus
678 2656 886 2732 eminentem3
908 2677 990 2739 quae
1011 2655 1095 2720 infra
1116 2655 1218 2720 nubes
1240 2659 1317 2720 sunt
1338 2676 1388 2719 cs·

221 2766 348 2831 cumina
364 2765 532 2830 hominum
547 2762 649 2829 oculis
663 2764 809 2849 exposita
824 2766 856 2828 et
875 2762 948 2829 nive
969 2766 1064 2846 tecta,
1085 2784 1166 2847 quae
1180 2761 1268 2828 ultra
1287 2763 1387 2828 nubes

220 2875 260 2940 ab
286 2874 454 2939 hominum
481 2871 583 2938 oeulis
605 2874 741 2950 remota,
768 2871 814 2936 ibi
837 2871 970 2935 deorum
992 2870 1163 2950 domicilia,
1189 2870 1235 2935 ibi
1261 2875 1387 2936 aeterna

219 2983 356 3050 claritas.
397 2984 424 3042 Y
443 2989 462 3048 5
484 2973 505 3066 ἡ
530 2977 635 3063 διπλῆ
658 2974 710 3043 ὅτι
722 2972 899 3059 Ὄλυμπος
920 2970 1010 3063 όρος·
1033 2974 1087 3043 διὸ
1109 2971 1330 3058 πολόπτυχος.
1348 3012 1387 3027 -·

155 3101 203 3152 166
220 3095 258 3154 Α
279 3096 319 3157 44
345 3081 541 3169 Οὐλύμποιο
567 3080 735 3173 καρήνων·
762 3082 815 3151 ὅτι
835 3077 913 3168 όρος
934 3077 1155 3167 όὍλυμπος·
1182 3083 1224 3151 τὰ
1245 3083 1308 3172 γὰρ
1327 3078 1387 3150 κά-

218 3220 300 3285 ρηνα
321 3192 379 3262 ἐπὶ
400 3187 506 3279 όρους.
548 3193 631 3261 Item
653 3197 684 3258 A
706 3201 746 3262 74
772 3185 965 3275 Οὐλύμποιο
988 3185 1154 3279 καρήνωνε
1176 3188 1228 3259 ότι
1248 3186 1294 3271 ὥς
1312 3189 1386 3276 περὶ

220 3298 317 3389 όρους
340 3306 400 3370 τοῦ
419 3297 590 3384 Ὀλύμπου
613 3297 711 3385 λέγει.
754 3295 786 3370 Ξ
807 3307 864 3370 154
875 3295 964 3387 Ἥρη
984 3293 1016 3364 δ’
1033 3293 1154 3366 εἰσεῖδε
1171 3351 1177 3368 .
1192 3350 1223 3369 ..
1243 3293 1334 3367 οτάά
1354 3296 1389 3380 ἐξ

285 3489 343 3530 1⁰2³
363 3486 470 3557 <Codex
487 3486 573 3542 habet
601 3478 699 3555 εἴρηκε
724 3484 855 3553 κεφαλὴν
875 3487 995 3553 τοῦυην,
1021 3482 1070 3538 sed
1094 3481 1288 3556 ‘superscripto
1310 3484 1385 3555 signo

220 3572 339 3627 delendi'
356 3588 439 3642 super
457 3575 572 3641 τοῦτην.
602 3569 667 3624 Sine
685 3566 768 3624 dubio
786 3585 884 3623 verum
901 3567 974 3623 vidit
990 3567 1141 3638 Lehrsius>

288 3658 323 3700 ¹⁰³
361 3655 477 3725 Aliquot
487 3654 556 3711 locis
567 3654 724 3710 Zenodotus
737 3652 862 3709 habebat
875 3646 1001 3724 οὐρανόν
1018 3651 1105 3709 αἰπύν
1115 3670 1167 3724 pro
1185 3651 1278 3726 εὐρύν.
1304 3655 1385 3713 Psoi

218 3734 343 3811 οὐρανὸν
362 3732 464 3811 eripio:
491 3729 519 3810 (ἦ
540 3741 627 3809 διπλῆ
651 3737 885 3809 περιεστιγμένη)
909 3732 957 3793 ότι
973 3738 1141 3808 Ζηνόδοτος
1161 3731 1271 3810 γράφει
1293 3736 1385 3796 αἰτόν.

217 3818 287 3881 αἰπὺ
303 3823 342 3880 us
366 3817 434 3894 ὄρος
458 3816 498 3880 ἀν
512 3821 671 3894 λέγοιτο,
695 3812 711 3878 ὁ
734 3821 766 3878 δὲ
790 3816 915 3895 οὐρανός
937 3819 1028 3894 εὐρύς.
1062 3825 1188 3893 παρήκει
1209 3816 1266 3895 γάρ
1288 3827 1326 3895 τῇ
1343 3826 1384 3895 γῇ.

216 3910 288 3965 Item
308 3912 396 3966 0192
419 3908 448 3978 (ἡ
467 3908 563 3979 διπλῆ)
588 3897 634 3963 ότι
651 3899 817 3978 Ζηνόδοτος
840 3898 938 3961 αλπόν·
965 3910 1054 3962 τοῦτο
1076 3904 1108 3961 δὲ
1131 3899 1218 3979 όρονς
1239 3903 1384 3964 ἐπίθετον.

217 4025 250 4036 -
262 3986 346 4063 Ὄρος
364 3991 441 4056 αἰπύ,
455 3992 541 4058 αἰπὺς
552 3987 695 4058 Ὄλυμπος
707 3990 816 4061 saepius
828 3991 904 4061 apud
916 3989 1074 4046 Homerum.
1106 3990 1143 4044 Hi
1158 3989 1214 4046 loci
1231 3992 1291 4047 siue
1303 3990 1383 4047 dubio

135 4081 205 4153 (169)
217 4077 308 4134 notati
320 4077 444 4144 fuenmt,
460 4076 499 4131 sic
515 4079 548 4132 ut
559 4092 654 4131 omnes
662 4074 725 4143 loci,
742 4075 817 4130 unde
830 4076 865 4130 de
878 4093 928 4129 usu
940 4075 1088 4130 Homerico
1100 4092 1159 4131 voc.
1179 4073 1266 4140 αἰπύς
1281 4078 1383 4132 consta·

215 4166 267 4234 ret,
279 4161 382 4227 notati;
401 4159 478 4215 cuius
490 4160 531 4215 rei
545 4159 694 4230 vestigium
705 4162 830 4230 superest
842 4162 870 4214 N
882 4166 930 4214 317
943 4149 972 4230 (ἦ
980 4162 1076 4228 διπλῆ)
1090 4150 1135 4215 ότι
1147 4152 1218 4215 αἰπύ
1229 4177 1384 4231 μεταφορι-

215 4252 275 4312 κῶς
287 4239 351 4302 ἀντὶ
363 4249 416 4301 τοῦ
430 4236 661 4316 δυοπρόσβατον,
674 4243 821 4315 δυσχερές.
839 4244 910 4298 Aliis
922 4243 988 4299 locis
998 4242 1144 4315 permultis
1153 4246 1235 4316 (quos
1243 4245 1384 4301 enumerat

215 4332 358 4388 Voelclrer.
371 4329 470 4398 Geogr.
482 4328 515 4384 H.
529 4348 556 4400 p.
568 4332 594 4398 5)
608 4320 732 4400 οὐρανός
742 4320 835 4398 εὖρός.
853 4328 938 4383 Recte
950 4331 997 4384 Ar.
1011 4320 1137 4398 οόρανόν
1147 4321 1233 4401 εὗρόν
1244 4326 1376 4400 praetulit

215 4434 385 4489 quamquam
400 4433 458 4473 non
474 4416 631 4487 praefracte
652 4416 739 4484 negat
756 4413 812 4468 dici
829 4429 908 4484 posse
928 4414 1021 4484 aliquo
1044 4414 1127 4469 modo
1146 4405 1273 4486 οὐρανὸν
1290 4406 1382 4471 αἰτόν.
