3008 4980
587 348 608 398 1.
636 343 677 398 Do
694 346 864 402 accentibus.
1246 351 1307 413 299

137 503 251 595 λόγχη,
276 501 379 595 ύχθη,
411 502 507 596 ὄγχνη
529 510 622 592 (mira
643 515 728 578 certe
750 512 927 597 analogia),
953 506 1064 592 ἕτερος
1086 505 1124 574 δέ
1145 533 1196 587 τις
1217 505 1305 594 λέγει

135 614 196 682 καὶ
216 608 330 693 αύτός,
354 611 406 682 ὅτι
429 609 533 703 δόχμη
555 610 602 693 ὡς
622 609 708 704 ύχθη
730 616 787 683 καὶ
808 613 943 705 στάθμη
965 614 1050 681 κατὰ
1075 609 1251 704 Τρύφωνα,
1276 609 1305 681 εἰ
1323 625 1371 674 303

136 720 195 789 καὶ
214 716 426 808 Ἀρίσταρχος
447 715 572 802 ὀξύνειν
595 716 694 803 ἀξιοῖ.
715 763 757 774 -
778 726 831 791 Ad
851 725 1031 791 Homerum
1051 725 1200 790 redimus.

221 915 240 999 ἓ
269 920 315 981 17.
363 912 443 977 Eam
478 913 585 998 legem
620 936 686 998 quo
719 914 893 1002 plurimum
929 913 1066 998 profecit
1092 913 1307 990 Aristarchus,

138 1043 237 1106 quam
263 1020 325 1086 sibi
346 1020 467 1104 ubique
489 1020 610 1104 posuit,
636 1021 689 1084 hio
711 1043 839 1106 quoque
862 1024 991 1086 secutus
1013 1025 1077 1101 est,
1100 1023 1138 1084 ut
1160 1020 1247 1104 quod
1269 1042 1307 1086 ex

136 1127 281 1194 Homero
307 1127 379 1210 ipso
407 1125 490 1190 effici
511 1131 633 1210 posset,
659 1128 694 1191 in
714 1128 754 1192 iis
781 1127 857 1194 huio
877 1127 935 1192 uni
954 1128 1028 1193 duci
1048 1149 1118 1193 sese
1140 1127 1308 1193 addiceret.

218 1235 268 1300 Ad
283 1233 314 1296 Ω
329 1238 347 1301 8
369 1232 433 1316 (Et
447 1232 490 1309 Μ.
505 1239 575 1312 668,
591 1238 642 1317 30)
664 1225 819 1318 ἀλεγεινά
839 1257 875 1298 τε
892 1227 1022 1316 κύματα
1043 1230 1186 1316 πείρωνε
1205 1228 1308 1315 Πάμ-

137 1338 239 1429 φιλος
266 1342 417 1427 περισπᾷ
446 1335 551 1422 λέγων
578 1337 638 1425 τὴν
668 1336 855 1422 πρόσθεσιν
886 1344 945 1407 τού
970 1365 984 1406 ι
1008 1338 1056 1428 μὴ
1094 1335 1309 1419 ἐξαλλάσσειν

136 1444 195 1512 τὸν
214 1440 319 1514 τόνον.
362 1439 393 1510 εἰ
414 1442 452 1510 δὲ
471 1450 564 1530 περῶ
586 1437 675 1512 οἶδεν
697 1439 716 1514 ὁ
737 1446 882 1536 ποιητὴς
901 1446 940 1514 τὸ
970 1451 1060 1534 ῥῆμα
1082 1444 1139 1512 καὶ
1159 1440 1307 1530 περόωσι

137 1552 170 1638 (ζ
184 1557 260 1641 272)
274 1549 330 1619 καὶ
342 1548 480 1641 „orsorio
501 1555 575 1640 (sor.
590 1549 719 1638 περάαν
732 1578 771 1622 ox
784 1555 896 1641 Hom.)
910 1553 996 1639 μέγα
1011 1554 1163 1637 λαῖτμα“
1177 1556 1207 1638 (ε
1224 1558 1305 1638 174),

138 1659 242 1747 δῆλον
268 1655 322 1726 ὅτι
348 1656 405 1726 καὶ
426 1664 561 1745 πειρῶν.
606 1654 623 1725 ὁ
647 1658 763 1743 μέντοι
781 1655 994 1749 Ἀρίσταρχος
1019 1659 1169 1746 βαρύνων
1190 1653 1307 1743 άναχι-

138 1762 257 1832 νιύσκει
278 1759 324 1845 ὡς
344 1762 471 1853 κείρων.
511 1765 592 1857 φησι
618 1771 694 1853 χοῦν
721 1765 805 1834 ούτω
833 1761 1007 1854 γενόμενος
1032 1765 1090 1834 ἐπὶ
1114 1770 1173 1834 τού
1195 1790 1307 1847 ,,παν-

139 1868 229 1962 κοχύη
249 1870 311 1957 μέν
331 1866 362 1962 ῥ’
389 1871 451 1961 ἥγε
471 1872 529 1940 καὶ
549 1868 600 1961 ἠῶ
622 1876 716 1961 πεῖρε
737 1872 926 1942 κέλευθον·
949 1878 984 1959 (β
1005 1879 1089 1960 434).
1132 1872 1195 1954 ,μδ
1213 1876 1307 1959 πεῖρε

139 1975 293 2046 διδάσκει
305 1974 398 2068 ἡμᾶς
410 1979 469 2047 καὶ
479 1979 540 2069 τὴν
556 1977 681 2069 πείρων
700 1979 842 2070 μετοχὴν
862 1977 1030 2067 βαρύνειν·
1048 1975 1098 2073 ιὥς
1117 1980 1180 2066 γὰρ
1202 1976 1307 2076 ἔκειρε

138 2082 255 2172 κείρων
271 2083 374 2165 ούτως
387 2082 499 2171 ἔπειρε
513 2084 648 2174 πείρων.
683 2082 714 2154 εἰ
727 2087 789 2174 γὰρ
804 2092 1021 2175 περιεσπᾶτο,
1042 2079 1084 2177 ἦν
1100 2082 1140 2154 ἂν
1155 2084 1174 2156 ὃ
1187 2078 1307 2173 παρα·

138 2192 271 2273 τατικὸς
291 2190 419 2281 ἐπείρα.
458 2190 546 2261 ἔστιν
568 2186 626 2263 οὖν
648 2194 760 2264 διττὸν
779 2195 818 2263 τὸ
840 2201 940 2285 ῥῆμα,
964 2195 1022 2262 καὶ
1041 2194 1079 2263 τὸ
1101 2193 1163 2279 μὲν
1182 2194 1241 2262 σύν
1260 2198 1306 2280 τῷ

139 2326 151 2367 ι
172 2304 244 2386 (ins.
267 2296 381 2387 062180)
401 2298 758 2395 nsotonooto'omom
790 2306 837 2373 cf.
858 2306 996 2372 alterum
1016 2305 1115 2372 schol.

218 2554 259 2614 A
282 2557 342 2620 364
368 2553 464 2636 (quoe
484 2551 688 2618 hauddubie
711 2575 749 2618 ex
770 2553 848 2638 ipsis
870 2553 1050 2620 Aristarchi
1070 2549 1306 2618 commentariis

136 2661 221 2741 sunt,
242 2653 348 2737 λέξεις
358 2650 586 2743 Ἀριστάρχου)
600 2655 777 2743 βαρύνεται
798 2653 819 2745 ἡ
841 2655 964 2745 μετοχή
986 2656 1181 2742 (στενάχων).
1212 2655 1306 2719 διδα-

135 2757 291 2845 σκόμεθα
306 2761 343 2829 δὲ
357 2761 395 2845 ἐξ
413 2760 553 2831 ἐκείνου·
575 2764 679 2844 ,πούς
699 2762 736 2832 δὲ
757 2764 841 2850 βαρὺ
863 2760 1026 2845 στενάχων
1044 2761 1172 2852 μετέφη
1189 2757 1307 2846 κρείων

132 2863 359 2956 Ἀγαμέμνων,
380 2868 491 2952 χειρὸς
510 2866 592 2952 ἔχων
611 2869 795 2951 Μενέλαον,
820 2870 1072 2952 ἐπεστενάχοντο
1095 2864 1128 2935 δ’
1151 2866 1305 2950 ἑταῖροιίί.
1360 2930 1362 2934 ,

134 2971 155 3062 ἡ
173 2974 237 3062 γὰρ
252 2973 416 3059 ἕπύζενξις
428 2981 488 3044 τοῦ
502 2973 757 3058 ἐπεστενάχοντο
780 2974 932 3046 διδάσκει
953 2977 1006 3048 ὅτι
1025 2975 1083 3044 καὶ
1102 2976 1140 3044 τὸ
1163 2969 1305 3055 στενάχω

133 3077 326 3168 βαρύνεται·
356 3077 386 3150 εἰ
412 3083 474 3170 γὰρ
500 3077 541 3173 ἦν
566 3080 836 3172 περισπώμενον,
861 3085 1090 3168 ε’στεναχούντο
1112 3079 1235 3168 ἐγίνετο
1261 3074 1308 3158 ὥς

133 3187 334 3258 ἐνενοούντο.
373 3190 430 3258 καὶ
457 3188 478 3281 ἡ
506 3188 615 3272 κλίσις
641 3191 677 3259 δὲ
697 3201 793 3260 τοῦτο
817 3189 976 3260 δείκνυσι·
1000 3191 1108 3277 ,βαρύ
1132 3187 1169 3256 δὲ
1190 3183 1304 3255 στενά·
1316 3203 1388 3271 (315)

131 3319 250 3376 301404
270 3292 423 3364 tovos«
449 3301 537 3386 <-σεν
557 3304 586 3365 θ
606 3302 678 3388 95),
709 3295 781 3382 ούχὶ
801 3305 1043 3381 στεναχούντος·
1069 3292 1164 3386 καὶὴ
1189 3293 1305 3382 δοτικὴ

134 3408 209 3491 ,τῷ
235 3401 272 3470 δὲ
296 3404 381 3490 βαρύ
407 3402 619 3488 στενάχοντι“
640 3409 713 3495 (Α).
765 3403 941 3489 στενάχων·
974 3403 992 3475 ὁ
1022 3399 1185 3482 Σιδώνιος
1210 3425 1307 3487 περι-

133 3515 217 3599 σπᾷ,
241 3507 260 3579 ὁ
282 3508 320 3578 δὲ
330 3506 541 3598 Ἀρίσταρχος
562 3514 709 3600 βαρύνει·
731 3513 905 3582 τὰπολλὰ
927 3508 1001 3602 γάρ,
1025 3534 1117 3600 φησι,
1141 3504 1307 3598 κινήματα

134 3613 182 3697 ὡς
210 3611 281 3685 άπὸ
312 3615 495 3705 βαροτόνοο
522 3616 665 3705 μέμονεν·
688 3621 811 3710 'offset
848 3619 884 3689 δὲ
915 3617 1126 3701 στενάχοντος
1153 3611 1305 3684 άκοοσα“

134 3729 176 3808 (3
195 3728 264 3812 95),
298 3722 577 3808 ,ἐπεστενάχοντο
608 3722 639 3794 δ’
668 3725 820 3816 ἑταῖρον(
854 3732 898 3813 (Δ
925 3731 997 3810 154)
1024 3727 1118 3814 (BL).
1164 3727 1306 3792 Ariston.

139 3835 211 3902 ³111
238 3827 450 3914 στενάχοντοι
487 3829 519 3921 (ἡ
550 3836 668 3922 διπλῆ)
693 3831 746 3905 ὅτι
773 3831 804 3902 εἰ
824 3827 1056 3924 ἦνστεναχῶν
1085 3829 1131 3912 ὡς
1158 3835 1304 3921 φρονῶν,

136 3933 198 4004 σύκ
219 3931 261 4005 δν
285 3936 390 4018 ούτως
409 3934 519 4025 ἔλεγεν
540 3937 748 4022 στενάχοντο·
781 3937 853 4009 ἀλλ’
875 3939 987 4026 ὥσπερ
1014 3936 1084 4008 άπὸ
1110 3943 1169 4005 τού
1195 3935 1307 4029 φέρων

137 4041 313 4134 ἐφέροντο,
342 4043 446 4125 σύτως
471 4041 541 4113 άπὸ
570 4051 629 4113 τού
653 4045 818 4130 στενάχων
837 4044 1031 4130 στενάχοντο
1054 4043 1154 4134 λέγει.
1193 4053 1227 4113 Λ
1248 4050 1305 4115 153

204 4282 260 4326 ²1⁸⁰
278 4280 458 4352 <„In1itym,
477 4297 533 4350 quo
547 4279 667 4350 transiit,
685 4284 728 4336 sot
744 4284 794 4338 καὶ
810 4275 917 4351 τὸμὲν
934 4281 986 4338 σὺν
1003 4287 1045 4355 τῷ
1062 4303 1072 4337 ι
1088 4273 1253 4352 βαρύνεται,
1271 4267 1306 4330 τύ

142 4360 174 4418 δὲ
189 4365 279 4437 χωρὶς
294 4370 499 4436 περιοπᾶται.“
524 4363 618 4420 Lohns.
634 4364 736 4422 Herost
753 4382 782 4436 p.
800 4368 871 4435 330.)
