3008 4980
261 371 285 422 4.
313 366 354 421 116
373 364 568 436 grammaticis,
587 363 636 435 qui
653 362 822 420 ἔνστατικοι·
839 366 868 419 61
884 362 997 419 λυτικοί
1014 359 1083 418 dicti
1097 358 1169 416 sunt.
1241 362 1300 428 217

137 533 310 601 Sciendum
331 539 438 600 tamen
459 535 566 600 locum
582 534 668 598 hunc
689 555 791 598 unum
812 554 881 597 esse
903 532 942 596 (16
962 529 1022 609 his,
1044 549 1125 613 quos
1146 525 1301 592 insolubi-

137 645 184 710 les
215 644 351 709 diximus
380 664 486 727 supra.
528 640 588 706 XII
610 649 663 707 74:
694 640 866 707 Sciendum
888 644 996 706 tamen
1019 641 1068 702 est
1087 635 1195 701 locum
1215 634 1301 698 huno

136 774 238 816 unum
260 773 329 816 esse
352 751 390 814 de
411 749 638 815 insolubilibus
658 747 718 813 ΧΠ
744 748 880 832 (aliquot
902 747 992 813 codd.
1014 743 1116 828 XIII),
1138 764 1219 827 quae
1241 741 1300 805 ha·
1317 747 1366 798 220

136 860 216 924 bent
238 858 473 934 obscuritatem,
495 856 573 923 licet
593 880 612 921 a
632 856 743 921 multis
763 879 822 940 pro
842 860 937 940 captu
956 853 1156 919 resolvantur
1169 849 1300 936 ingenii.

138 965 184 1033 Of.
206 964 316 1033 1450:
343 964 516 1031 Sciendum
542 968 650 1029 tamen
678 968 727 1029 661
751 965 785 1028 16
807 963 946 1050 Virgilio
967 960 1129 1026 interdum
1149 957 1303 1023 validiora

138 1096 207 1138 esse
238 1073 364 1139 obiecta
391 1073 547 1158 purgatis.
572 1109 609 1118 —
637 1070 762 1149 Quibus
793 1071 871 1155 quid
897 1071 931 1134 in
955 1066 1137 1154 Virgiliano
1164 1064 1301 1130 carmine

136 1204 196 1268 pro
219 1180 423 1246 excusatione
444 1179 551 1258 fuerit,
573 1182 706 1264 apparet
727 1200 766 1242 ex
786 1177 818 1242 V
833 1183 906 1244 626:
928 1176 1033 1261 „Ergo
1056 1176 1182 1238 constat
1204 1193 1302 1256 quae·

137 1289 277 1354 stionem
296 1289 380 1352 hanc
401 1310 499 1352 unam
521 1308 589 1351 esse
612 1286 651 1350 de
673 1284 907 1363 insolubilibus,
930 1305 1010 1368 quas
1025 1303 1091 1346 non
1107 1280 1240 1347 dubium
1254 1281 1303 1343 661

138 1396 380 1461 emendaturum
408 1395 507 1460 fuisse
532 1393 735 1479 Virgilium“.
778 1391 873 1470 Quod
902 1413 968 1456 non
993 1391 1122 1456 fecisset
1146 1386 1303 1472 Virgilius

136 1504 171 1567 in
197 1502 278 1567 locis
303 1503 344 1568 ad
366 1502 589 1587 explicandum
617 1500 680 1565 nisi
706 1500 848 1584 argutias
876 1498 1019 1583 captanti
1040 1519 1106 1562 non
1132 1495 1301 1580 impeditis.

138 1608 243 1686 Quare
268 1610 320 1674 his
343 1630 471 1694 queque
492 1610 526 1674 in
547 1609 628 1674 locis
650 1607 764 1672 melius
786 1607 915 1672 fecisset
937 1606 1079 1683 Servius,
1101 1604 1142 1684 si,
1163 1606 1200 1669 ut
1221 1625 1303 1667 non·

137 1738 304 1799 nunquam
328 1716 418 1797 facit,
447 1717 623 1801 superfluas
650 1715 854 1800 quaestiones
881 1715 1021 1780 dixisset.
1050 1715 1087 1779 Ε.
1110 1735 1140 1799 g.
1160 1711 1208 1777 ΠΙ
1229 1715 1303 1778 203:

136 1822 247 1902 „Unde
269 1823 428 1907 superflua
450 1825 595 1909 quaestio
615 1828 665 1889 est
685 1845 795 1888 eorum
811 1823 867 1907 qui
882 1823 1008 1889 dicunt‘
1022 1859 1071 1886 -.
1097 1818 1144 1885 HI
1165 1824 1235 1886 332.
1257 1817 1304 1884 Vl

140 1931 263 1997 140136.
305 1930 356 1995 Ex
379 1929 519 2011 Graecis,
543 1932 598 2015 qui
619 1931 714 1997 nobis
732 1930 849 1995 servati
870 1933 954 2007 sunt,
977 1927 1213 1994 commentariis
1233 1925 1304 1991 Ho-

136 2037 273 2102 mericos
300 2059 375 2104 suos
402 2039 645 2122 quaestionibus
672 2041 704 2102 61
730 2037 946 2103 solutionibus
972 2037 1114 2121 undique
1140 2057 1208 2100 non
1235 2035 1304 2098 sine

140 2143 287 2209 doctrina
308 2144 450 2211 collectis
471 2145 599 2211 refersit
618 2144 830 2230 Porphyrius,
855 2148 893 2209 ut
914 2145 970 2228 qui
991 2144 1112 2209 scholia
1132 2141 1305 2208 Homerica

138 2251 209 2317 cod.
230 2250 258 2316 B
281 2252 371 2335 (haec
399 2253 485 2318 enim
505 2253 676 2338 Porphyrii
703 2256 780 2319 sunt
806 2274 907 2337 paene
934 2252 1054 2334 omnia)
1081 2249 1244 2328 evolverit,
1277 2249 1305 2313 is

137 2359 296 2442 optimum
320 2359 438 2424 habeat
460 2360 653 2445 exemplum,
681 2382 745 2445 qua
765 2360 890 2425 ratione
910 2359 944 2423 in
965 2359 1028 2423 hoc
1049 2380 1166 2443 genere
1189 2356 1305 2421 eruditi

137 2465 281 2550 alioquin
308 2468 508 2552 grammatici
530 2468 580 2533 usi
602 2468 675 2534 sint.
726 2468 798 2533 Hoc
818 2468 852 2532 in
873 2465 938 2531 illis
958 2466 1117 2545 notabile,
1140 2465 1226 2549 quod
1248 2486 1305 2547 ap·

137 2577 231 2657 paret
256 2575 424 2658 negotium
454 2574 649 2641 dissolvendi
676 2576 718 2640 ad
744 2579 846 2640 artem
875 2574 1040 2639 redactum
1064 2573 1173 2638 fuisse.
1222 2570 1307 2638 Sunt

138 2680 224 2745 enim
253 2684 358 2747 certae
384 2681 526 2748 rationes
556 2683 748 2748 dissolvendi
777 2704 859 2767 quae
884 2682 1075 2766 plerumque
1096 2681 1388 2762 adhibentur:(226)

138 2790 172 2852 61
198 2787 382 2872 saepissime
409 2789 540 2873 quidem
568 2790 687 2856 solutio
706 2789 745 2854 fit
770 2784 807 2853 ἐκ
827 2780 1027 2873 προσώπου,
1053 2782 1090 2851 ἐκ
1111 2784 1244 2867 λέξεως,
1268 2783 1304 2853 ἐκ

136 2895 267 2979 καιροῦ,
290 2889 401 2981 τόπῳ,
425 2889 510 2962 ἔθει.
545 2895 634 2974 Quae
656 2897 708 2962 vel
730 2898 815 2981 apud
835 2895 1072 2962 recentissimos
1093 2895 1146 2960 hic
1166 2894 1234 2960 illic
1254 2917 1305 2961 re·

137 3023 262 3068 currere
283 3025 351 3068 non
371 3003 565 3068 mirabimur.
598 3002 764 3089 Moschop.
785 3000 862 3086 περὶ
883 3002 968 3083 σχεδ.
990 3027 1019 3089 p.
1041 3009 1108 3082 146,
1128 3002 1186 3067 ubi
1208 3024 1305 3088 regu-

136 3109 202 3174 lam
227 3110 509 3196 orthographieam
537 3111 670 3195 exponit
696 3111 734 3175 de
760 3110 925 3176 vocabulis
951 3135 970 3176 a
997 3108 1034 3197 ζη
1060 3111 1111 3176 vel
1135 3108 1164 3189 ζι
1185 3110 1237 3175 vel
1259 3107 1306 3188 ζει

136 3216 374 3302 incipientibus,
394 3219 496 3283 fertur
511 3219 551 3283 ad
572 3210 711 3304 ζήτημα,
736 3218 775 3283 (16
798 3240 862 3303 666
880 3218 960 3286 haec
974 3219 1143 3285 adscribit:
1164 3210 1305 3304 ζήτημα·

137 3318 220 3408 ὅπερ
236 3320 305 3390 ἐστὶ
317 3322 507 3391 redolendo
521 3316 628 3408 'daupu
642 3322 700 3391 καὶ
715 3324 894 3408 διαιρεῖται
904 3318 952 3403 εἷς
966 3317 1126 3412 ἄνιόρημα
1138 3322 1195 3390 καὶ
1205 3347 1306 3412 κατη-

137 3425 280 3519 γόρημα·
304 3430 392 3520 ζητεῖ
412 3425 473 3517 γάρ
494 3456 546 3510 τις
565 3423 785 3523 116166661νῆ
800 3436 999 3521 κατηγορῶν.
1021 3428 1255 3519 καταγίνονται
1270 3428 1307 3497 δὲ

137 3535 195 3603 καί
218 3532 392 3628 ἀμφότερα
412 3532 437 3627 ἢ
457 3538 535 3624 περὶ
556 3537 645 3622 λέξιν
664 3533 689 3630 ἢ
709 3536 788 3625 περὶ
801 3548 947 3626 πρᾶγμα.
968 3538 1026 3607 καὶ
1040 3534 1070 3607 ei
1085 3537 1119 3606 ἐν
1134 3520 1306 3626 (τρᾶνματι

204 3740 241 3781 136
259 3738 385 3794 Vidimus
403 3740 472 3811 quid
483 3739 593 3796 Servius
610 3741 645 3796 de
657 3741 777 3811 Virgilio
796 3744 906 3797 6666166
924 3741 967 3798 sit.
994 3741 1049 3796 sed
1067 3740 1197 3812 luitpars
1214 3758 1306 3812 gram·

135 3823 314 3888 maticorum,
333 3840 405 3893 quae
421 3823 581 3880 insolubilia
597 3825 676 3881 nulla
694 3843 751 3881 esse
769 3824 880 3892 statuit,
900 3825 976 3895 quod
996 3825 1043 3881 hic
1059 3828 1145 3895 poeta
1162 3825 1306 3895 (honibile

137 3905 224 3977 dictu)
243 3906 332 3962 omnis
349 3907 448 3963 erroris
470 3908 600 3964 immunis
617 3908 661 3967 611.
690 3910 812 3965 Maerob.
830 3928 916 3966 somn.
937 3909 1009 3980 Scip.
1027 3911 1101 3966 1182
1124 3908 1212 3965 Nobis
1230 3910 1307 3965 aliud

135 3990 173 4044 ad
190 3989 378 4047 defensionem
400 3993 474 4049 ultra
492 3994 562 4049 haec
580 4010 652 4063 6666
671 3993 790 4049 diximus
811 4011 869 4049 non
888 3994 1015 4050 occurrit.
1051 3994 1155 4049 Verum
1173 3995 1306 4064 quoniam

134 4075 165 4130 in
177 4074 270 4130 medio
287 4077 429 4145 66666666
448 4093 518 4147 6666
534 4077 602 4132 fines
619 4095 765 4147 nunquam
782 4078 829 4133 via
845 4079 909 4134 solis
927 4079 1051 4142 excedat,
1069 4079 1248 4135 manifestum
1265 4083 1306 4135 est

135 4163 231 4214 autem
253 4160 379 4215 omnibus
402 4160 471 4232 quid
488 4161 566 4216 Maro
585 4161 699 4228 dixerit,
723 4180 821 4233 quem
844 4165 978 4219 constat
994 4163 1121 4219 erroris
1139 4164 1306 4234 ignarum,

135 4241 203 4296 erit
219 4240 352 4312 ingenii
369 4244 582 4314 singulorum
598 4245 758 4302 invenire
776 4247 859 4317 quid
879 4247 990 4317 possit
1008 4247 1153 4318 amplius
1171 4265 1231 4317 pro
1249 4248 1305 4302 ab·

135 4325 300 4382 solvenda
316 4327 378 4384 hae
396 4329 596 4399 quaestione
614 4330 788 4390 confiteri.
805 4363 837 4372 -
854 4332 981 4405 Apparet
998 4331 1066 4402 quid
1079 4330 1190 4386 Servius
1201 4330 1252 4387 XII
1266 4337 1305 4389 74.

134 4412 148 4469 I
166 4416 218 4471 450
236 4411 376 4486 respiciat.
