3008 4980
206 334 268 396 292
655 323 702 380 IV.
727 322 770 379 De
787 283 939 393 prosodia}

140 506 191 560 296
210 482 267 557 οὖν
292 487 350 555 eoi
374 483 604 575 τδ-Πήδαιος·
634 482 672 554 οὗ
695 481 772 572 γάρ,
801 487 846 566 ώς
867 480 973 554 οἴεται
995 478 1177 567 δἍβρων,
1201 482 1298 568 παρὰ
1317 483 1374 570 τὴν

207 598 333 686 ιιῆδον·
360 593 473 675 ἐοικὸς
493 594 555 680 γὰρ
570 595 700 679 μᾶλλον
720 592 810 681 ἥρωϊ
827 591 922 676 παρὰ
942 589 980 657 ιδ
1003 590 1111 678 πηδᾶν
1132 587 1374 678 ἐσχηματίσθαι

206 699 458 793 (ἐσχημάτισται
477 704 573 789 σοδ.>Ι

134 818 207 889 (σοι)
288 813 498 897 Propriornm
526 812 562 877 in
588 833 663 886 αιος
688 810 927 895 trisyllaborum
952 829 1012 875 neo
1037 807 1292 892 compositorum
1312 809 1374 875 fere

208 921 288 986 hsee
308 942 429 1007 genera
445 919 595 985 videntur
616 939 695 984 esse.

290 1031 319 1110 1)
343 1025 432 1104 Qnoe
446 1026 575 1112 proprie
593 1025 721 1089 ethnice
735 1029 821 1104 sunt,
842 1028 880 1091 ut
901 1023 1102 1107 Θυμβραῖος,
1122 1015 1251 1099 Ἰδαῖος
1259 1015 1374 1106 (Ἰδαῖα

206 1134 340 1200 Diodor.
353 1132 401 1200 IV
415 1137 477 1216 43),
488 1125 653 1210 Ἀκιαῖος,
668 1125 843 1209 Αἰτναῖος,
859 1132 1014 1208 Πισαῖος,
1029 1123 1197 1207 Ἀσσαῖος,
1211 1123 1372 1213 Ἀρναῖος,

208 1243 366 1316 Νυσαῖος.
403 1240 691 1325 Properispomena
712 1262 752 1305 ex
771 1239 884 1325 regula
904 1260 1000 1322 snpra
1021 1236 1176 1323 exposita.
1215 1234 1330 1320 lembi
1350 1259 1374 1303 r.

207 1348 301 1432 Pyth.
326 1353 387 1416 526
415 1339 540 1422 Εδαιος
559 1347 794 1433 Pythagoreus.
834 1344 937 1412 Sorib.
957 1349 1037 1429 pnto
1063 1337 1203 1423 Brittios,
1230 1343 1275 1410 nb
1301 1336 1375 1421 Biia,

208 1477 290 1539 quse
313 1459 362 1520 est
382 1455 460 1520 urbs
482 1455 647 1519 Arcadiae.
1388 1476 1392 1481 ·

288 1564 321 1644 2)
342 1560 432 1639 Quae
452 1564 529 1626 sunt
549 1561 707 1627 adieetive
726 1560 778 1626 vel
798 1560 956 1627 adiectivs
976 1581 1046 1625 esse
1063 1561 1201 1643 possunt
1221 1557 1270 1624 vel
1294 1562 1375 1625 rorte

207 1669 248 1732 sb
271 1669 480 1734 substantivis
501 1668 767 1752 brevioribusque
795 1666 960 1732 ndiectivis
980 1667 1014 1731 in
1035 1665 1122 1731 hune
1140 1685 1304 1732 canonem
1323 1666 1376 1732 de·

205 1775 302 1840 flexa:
321 1769 486 1857 Ἀγκαῖος,
504 1767 668 1857 Ἀγραῖος,
687 1766 842 1857 Οὐδαῖος,
856 1766 1018 1856 Ἀνταῖος,
1033 1764 1177 1855 Ὑλαῖος,
1191 1773 1375 1860 Δαφναῖος,

204 1874 395 1964 Ἀστραῖος,
416 1873 592 1964 ’ορδαῖος,
613 1873 826 1967 Hippourios,
847 1880 1036 1956 Μουσαῖος,
1056 1871 1187 1954 Ἰσαῖος.
1228 1877 1376 1963 Propon·

206 2010 369 2073 sporrone
396 2025 438 2036 -
464 1988 610 2054 Pertinet
635 1987 700 2053 huo
724 1986 893 2065 Παλαῖος,
929 1987 1018 2071 qnod
1040 1990 1092 2052 est
1116 2009 1136 2050 a
1161 1978 1269 2072 παῖδας
1306 2006 1377 2053 nom

205 2095 288 2160 fslso
310 2095 514 2160 Herodianus
536 2096 652 2160 Aresd.
665 2117 696 2179 p.
713 2100 765 2173 43,
786 2100 827 2164 29
847 2091 1002 2171 Παλαῖος
1021 2089 1060 2157 ιδ
1081 2086 1207 2175 κύριον,
1232 2087 1378 2168 παλαιός

190 2197 246 2267 δὲ
265 2198 304 2267 τὸ
326 2197 497 2265 ἐπίθετον.
532 2201 628 2279 Quod
642 2202 670 2266 si
683 2202 731 2266 ita
745 2223 779 2266 se
799 2202 943 2278 heberet,
964 2205 1020 2266 snt
1040 2222 1107 2268 non
1128 2202 1274 2267 mutetur
1296 2202 1378 2267 esset

209 2313 360 2375 accentus
380 2312 437 2374 out
458 2308 579 2373 foetum
599 2302 767 2386 Πάλαιος.

288 2415 372 2482 Item
392 2416 492 2481 falsus
513 2416 548 2480 in
568 2416 633 2481 hoo
653 2437 772 2502 genere
794 2416 1004 2482 Herodianus
1020 2415 1056 2479 in
1068 2412 1234 2492 Πυλαισς,
1260 2417 1378 2484 3842:

205 2523 266 2587 τοῦ
286 2515 441 2600 Πύλαιος
464 2521 524 2609 τὴν
545 2514 680 2609 πρώτην
701 2515 915 2609 δξυτονηιέον
935 2518 1022 2606 πρὸς
1042 2513 1303 2606 ἀνσιδιασαοῖδν
1319 2522 1379 2589 τοῦ

206 2631 350 2695 τοπικοιῖ
364 2628 421 2695 καὶ
439 2628 499 2696 αδν
508 2623 632 2717 Ἑρμῆν
653 2627 712 2695 τὸν
732 2624 886 2695 Πύλαιον
905 2631 998 2714 (puto
1012 2625 1157 2695 πυλαῖον
1177 2628 1242 2714 (oio
1255 2627 1379 2706 nod-A,

206 2737 265 2802 sed
284 2761 313 2802 ν.
334 2737 473 2805 Lobeok.
495 2737 687 2822 paralipom.
709 2760 740 2821 p.
756 2738 854 2822 342».
891 2735 993 2814 Quem
1015 2739 1095 2821 puto
1117 2735 1183 2803 inm
1200 2734 1379 2803 Aristarchi

207 2865 348 2909 errorem
361 2845 469 2910 fuisse.
492 2886 533 2899 -
547 2839 696 2929 Ὕλαιος,
719 2844 808 2929 quod
820 2844 1016 2928 praecipitor
1034 2843 1069 2909 in
1082 2842 1136 2909 Et
1150 2841 1196 2909 Μ.
1210 2864 1242 2926 p.
1260 2847 1328 2921 193,
1344 2849 1379 2910 17

205 2972 244 3028 „a
268 2951 367 3015 verbo
402 2946 490 3014 δλυῖ“
516 2956 574 3017 out
601 2952 717 3018 falsum
742 2955 799 3017 aut
824 2954 1009 3034 corruptum
1035 2953 1092 3016 est.
1126 2986 1168 2999 --
1197 2947 1284 3017 Nam
1313 2948 1381 3015 sols

208 3060 341 3141 excepte
355 3058 514 3140 quaedam
528 3081 547 3123 a
560 3059 703 3125 Deorum
724 3059 909 3124 nominibus
931 3058 1027 3123 ducto
1040 3053 1211 3142 Ἕρμαιος,
1227 3052 1379 3141 Ἥραιος,

209 3158 340 3240 Δίαιος.
446 3238 448 3242 .

291 3272 323 3354 3)
346 3269 435 3347 Quae
454 3293 495 3337 ex
515 3272 716 3339 brevioribus
735 3272 872 3358 propriis
893 3272 928 3336 in
949 3270 1035 3337 huno
1057 3270 1203 3338 ordinem
1223 3274 1382 3341 transfor·

208 3381 304 3446 man.
339 3373 473 3463 Πέρσης
487 3379 655 3461 Περσαῖος
675 3379 788 3464 Heyne
803 3378 951 3464 Apollod.
965 3401 997 3463 p.
1014 3383 1063 3446 22.
1099 3369 1260 3455 Κλεάδας
1272 3377 1382 3445 Κλεο-

210 3483 320 3561 δαῖος,
350 3506 544 3571 quamquam
568 3485 649 3550 haee
674 3486 779 3551 forma
805 3489 843 3566 (v.
865 3485 1006 3552 Boeekn
1031 3485 1130 3551 schol.
1155 3484 1250 3553 Pind.
1270 3484 1382 3555 Istbm

207 3589 295 3674 115)
318 3591 415 3655 etism
441 3591 536 3657 aliter
560 3592 695 3657 indicari
719 3597 836 3677 potest.
872 3592 937 3660 Sed
957 3592 992 3657 in
1012 3592 1099 3657 hune
1119 3592 1271 3663 ordinem
1291 3615 1382 3661 conr-

209 3697 392 3762 modissime
418 3698 555 3763 refertur
581 3699 717 3774 Θειαῖος
738 3698 866 3783 (pino).
907 3697 1036 3764 Nomen
1062 3693 1163 3777 Θείας
1188 3704 1240 3765 est
1259 3701 1381 3767 Anton.

209 3802 277 3869 Lib.
303 3800 363 3869 λδ.
385 3841 427 3852 -
447 3803 744 3889 Properispomena.

290 3915 321 3994 4)
350 3910 438 3989 Quae
471 3916 547 3977 sunt
577 3936 598 3977 s
624 3913 730 3979 verbis
758 3911 811 3979 vel
846 3913 886 3994 (si
911 3906 973 3978 lioo
999 3913 1106 3983 minus
1130 3912 1239 3998 ploret
1264 3912 1381 3999 dicere)

209 4017 326 4101 quibus
346 4019 493 4085 odissent
509 4020 603 4085 verbs
624 4023 657 4084 et
676 4019 839 4086 verbalem
860 4019 1130 4105 signifiontionem
1150 4020 1283 4089 habent.
1319 4021 1382 4090 En

208 4125 347 4210 primum
373 4127 602 4191 admoneamus
623 4128 662 4192 de
683 4126 830 4212 Trygoeo
852 4126 1104 4212 Aristophanem
1132 4127 1171 4192 de
1193 4149 1259 4215 qno
1282 4129 1380 4194 schot

210 4231 283 4298 Pac.
306 4238 345 4300 62
367 4236 461 4298 τοῦτο
485 4228 522 4296 δὲ
546 4225 652 4313 δ’νομα
670 4227 798 4316 κύριον,
829 4224 849 4297 δ
871 4228 967 4316 ὃμὲν
984 4227 1195 4314 Ἡρωδιανὸς
1215 4257 1381 4320 προπερι-

204 4322 297 4426 ἀνιᾷ,
322 4333 352 4404 οῖ
382 4336 419 4404 δὲ
439 4336 557 4406 λοιποὶ
578 4334 624 4417 ὡς
642 4338 679 4406 τδ
706 4335 849 4422 Τίμαιος
868 4333 1168 4425 προπαροξύνουσι.
1203 4341 1254 4409 De
1276 4343 1379 4411 causis
