3008 4980
554 357 578 407 1.
601 350 643 408 De
661 353 830 408 accentibus.
1211 337 1283 413 273'

110 518 318 604 cognovimus
338 517 373 582 in
393 511 528 595 Δαναός
547 513 665 606 Δανάη
691 521 743 604 (cf.
766 521 864 588 schol.
887 520 914 584 B
937 520 1046 600 Σ44).
1081 513 1211 580 Etenim
1234 513 1273 578 de

110 625 258 691 muliebri
292 625 422 690 nomine
452 630 587 692 constat.
636 626 742 693 Schol.
769 627 855 694 Nub.
882 633 942 695 747
972 621 1010 690 τὸ
1044 619 1081 687 δὲ
1110 612 1274 707 Θοττάλην

107 725 252 797 Ἀττικοὶ
279 724 476 817 βαράνουσιν
501 728 534 798 ol
560 731 645 798 κατὰ
666 731 867 819 Μένανδρον
895 727 941 811 ὡς
962 725 1120 817 δαμάλην.
1162 729 1273 814 Steph.

111 839 185 924 Byr.
214 863 239 905 s.
269 833 456 906 Θεσσαλίας
490 838 528 906 τὸ
559 836 706 929 Θεττάλη
735 842 846 931 δρᾶμα
870 838 1067 922 Μενάνδρου
1098 832 1275 922 βαρύνεται

111 943 203 1031 παρὰ
218 939 382 1025 Ἀττικοῖς
401 941 450 1026 εἰς
471 941 620 1037 ἰδιότητα
640 945 748 1018 τεθέν.
788 949 870 1034 (Nos
892 950 1017 1034 saepius
1043 938 1208 1030 Θεττάλην
1228 944 1275 1008 le-

114 1057 218 1142 gimus
243 1056 329 1141 apud
352 1056 582 1142 Alciphronem
607 1057 693 1126 133.
719 1063 767 1126 37.
794 1061 854 1141 39.)
890 1059 1040 1122 Ammon.
1065 1061 1122 1124 117
1150 1045 1277 1139 άδελφε

112 1166 187 1247 γοῦν
218 1159 352 1248 λέγουσι
379 1160 440 1249 την
465 1159 598 1252 πρώτην
624 1158 852 1246 δξυτονοῢνιες
880 1157 926 1242 aig
951 1156 1098 1240 άαελθε,
1132 1158 1231 1249 φησὶν
1258 1150 1276 1225 ὃ

117 1262 268 1359 Τρύφων,
292 1268 563 1356 παρατιθέμενος
581 1267 758 1360 Φιλήμονα
775 1271 834 1340 τὸν
847 1266 1015 1352 Αἰξωνέα,
1038 1267 1096 1334 καὶ
1112 1259 1279 1353 Θεττάλην

115 1373 159 1456 ὡς
179 1371 372 1466 Μυρτάλην.
412 1379 525 1463 Recte,
548 1382 675 1466 opinor,
697 1382 925 1467 synecdromen
946 1380 1079 1446 indicat:
1105 1377 1208 1442 simile
1231 1379 1280 1441 est

116 1489 211 1554 etiam
233 1479 381 1572 Πετάληε
413 1510 608 1573 quamquam
632 1490 712 1556 haec
733 1491 767 1555 in
788 1488 964 1556 masculino
988 1508 1116 1572 quoque
1136 1483 1280 1570 pellicie-

115 1596 183 1675 bat,
210 1595 238 1661 si
264 1595 402 1660 sermoni
429 1597 520 1680 sequi
545 1597 692 1663 libuisset
721 1600 759 1680 (e.
785 1619 815 1684 g.
837 1592 1005 1671 Πίτταλος
1029 1594 1167 1659 Acharn.
1192 1596 1280 1658 1045.

118 1709 205 1771 1236.
238 1701 336 1787 Vesp.
365 1706 465 1786 1472).
507 1703 656 1770 Ceterum
682 1705 709 1770 si
734 1706 862 1790 quando
887 1703 1035 1769 meliores
1061 1702 1138 1768 Mss.
1165 1700 1281 1764 tracta·

117 1812 237 1876 buntur
262 1810 313 1875 vel
337 1809 462 1889 melius,
493 1810 733 1892 diiudicabitur,
761 1813 887 1878 idemne
917 1810 1068 1876 acciderit
1096 1809 1130 1872 in
1155 1798 1282 1884 Λυδός,

119 1918 205 2003 quod
218 1939 378 2002 nusquam
392 1917 484 1982 aliter
498 1919 656 2001 scribitur,
678 1925 711 1985 et
727 1912 840 2004 Λυδή,
861 1919 948 2004 quod
969 1918 1056 1982 haud
1070 1914 1169 1981 semel
1184 1909 1282 1996 Λάδη

120 2026 273 2111 scriptum
294 2025 402 2090 inveni
413 2024 470 2092 ¹⁸⁸:
493 2048 687 2112 quamquam
708 2027 858 2092 meliores
879 2026 955 2091 illuc
975 2024 1139 2089 inclinant.

198 2130 353 2198 Nondum
367 2131 443 2198 licet
460 2134 500 2198 ab
521 2134 572 2198 his
593 2135 740 2219 propriis,
762 2135 878 2221 quibus
901 2155 974 2198 cum
994 2131 1129 2196 urbibus
1151 2134 1184 2195 et
1205 2126 1284 2214 gene

119 2241 205 2306 tibus
227 2241 377 2325 cognatio
399 2244 460 2320 est,
482 2241 652 2310 discedere.
694 2243 825 2308 Etenim
851 2239 1120 2307 consideravimus
1148 2239 1366 2323 quorumdem)

120 2348 223 2413 forma
246 2368 319 2413 cum
344 2348 517 2434 gentiliciis
543 2353 576 2414 et
605 2372 678 2415 cum
704 2350 868 2416 adiectivis
896 2348 1046 2414 affinibus
1069 2347 1285 2431 conspirabat3

122 2455 176 2520 sed
200 2455 343 2541 ipsarum
369 2478 499 2541 quoque
527 2457 656 2523 urbium
683 2459 814 2523 nomina
840 2458 874 2521 in
901 2456 1031 2542 propria
1052 2456 1182 2520 abeunt.
1224 2453 1287 2518 Hic

122 2563 257 2627 maxime
286 2563 403 2628 iterum
433 2565 469 2629 in
494 2586 624 2630 censum
653 2566 786 2631 veniunt
814 2565 1016 2630 conditorum
1039 2563 1180 2629 nomina.
1221 2559 1286 2626 Ubi
1304 2563 1352 2615 2⁷⁵1

123 2669 284 2734 character
298 2691 364 2735 non
387 2672 545 2752 obstabat,
567 2673 741 2738 conditoris
763 2693 881 2737 nomen
903 2671 1087 2755 saepissime
1107 2671 1149 2736 ad
1170 2691 1288 2734 nomen

124 2775 187 2844 loci
213 2775 335 2843 factum
362 2781 402 2860 (v.
428 2778 539 2864 Steph.
563 2780 659 2864 Byr).
695 2772 881 2857 Ὄλυνθος,
911 2770 1090 2862 Κάνωβος,
1120 2770 1285 2852 Ἐτεωνός,

127 2876 247 2962 Θάσος,
271 2880 431 2962 Κολωνάς
452 2887 543 2970 (Οοδ.
564 2887 632 2953 001.
655 2891 722 2971 48),
742 2879 836 2964 Κίος,
850 2879 1014 2970 Ἄβυδος,
1027 2879 1162 2969 Ἄργος,
1190 2888 1289 2969 Τροι-

125 2986 180 3078 ζη’ν
202 2992 305 3075 (cuius
319 2998 469 3060 accentus
484 2995 511 3060 si
526 3017 592 3060 non
607 2998 758 3060 constans
779 2995 949 3078 invenitur,
971 2998 1057 3060 certe
1078 2994 1179 3079 ipsius
1200 2993 1289 3059 urbis

126 3103 275 3165 accentus
289 3100 368 3166 item
381 3102 576 3186 inconstans,
599 3103 637 3168 de
653 3103 797 3187 quoiam
812 3103 890 3168 olim
912 3103 1142 3186 dubitabatur).
1178 3099 1289 3185 Steph.

126 3229 149 3275 s.
169 3200 339 3290 Αἱμονίας
364 3206 402 3275 ad
430 3205 466 3274 δέ
486 3203 625 3294 Κράτων
646 3201 691 3285 ὡς
713 3203 872 3294 Κραννάν
892 3207 950 3274 καὶ
971 3203 1140 3297 Κολοφών
1161 3202 1292 3272 πόλεών

126 3311 213 3382 ἐστιν
235 3307 383 3399 ὀνόματα
404 3318 437 3399 (l.
459 3312 547 3382 ἐστιν
569 3309 751 3401 ὁμώνυμα).
786 3317 924 3384 Deinde:
946 3311 1132 3402 εὑρίσκεται
1152 3313 1209 3380 καί
1229 3306 1292 3380 τιό-

125 3422 215 3489 λεοιν
229 3415 470 3512 δμοφωνοῦντα
483 3416 526 3488 τά
542 3427 608 3488 τῶν
622 3427 760 3490 κτιστῶν
774 3417 933 3511 ὀνόματα,
955 3418 1109 3509 Κάμινος
1122 3427 1152 3509 (λ
1165 3416 1293 3508 Κάμει-

128 3535 195 3617 ρος)
217 3527 275 3597 καὶ
299 3525 317 3597 ὁ
338 3529 470 3619 κτιοτης
490 3529 547 3597 καὶ
567 3524 589 3618 η
610 3534 711 3619 νῆσος
732 3534 823 3616 (haec
843 3535 941 3601 verba
962 3538 1018 3599 aut
1038 3534 1123 3599 infra
1143 3533 1293 3619 ponenda

127 3643 200 3724 post
225 3635 362 3724 Λέσβος
386 3645 443 3706 aut
471 3641 523 3705 hio
547 3640 670 3707 insulae
696 3663 815 3707 nomen
848 3642 988 3725 excidit).
1037 3635 1163 3724 ὁμοίως
1193 3647 1294 3727 Τροι-

129 3740 196 3832 ζήν,
220 3741 399 3836 Κολοφών,
422 3740 604 3832 Κόρινθος,
627 3749 714 3826 Κῶς,
738 3747 875 3827 Σικυών,
892 3743 1032 3834 Κύρνος,
1048 3736 1195 3834 Λέσβος.
1230 3749 1294 3818 Sed

128 3876 200 3921 cum
213 3858 323 3921 tamen
336 3855 482 3922 locorum
496 3856 681 3922 nominibus
696 3880 754 3924 sua
775 3857 896 3945 regula,
918 3880 995 3924 suus
1017 3858 1180 3925 character
1202 3863 1295 3939 esset,

129 3962 206 4029 item
228 3961 376 4048 propriis,
397 3984 630 4050 nonnunquam
651 3987 781 4032 necesse
803 3971 871 4031 erat
891 3969 1060 4032 accentum
1081 3967 1232 4050 migrare,
1254 3989 1295 4030 ne

130 4067 193 4151 lex,
218 4070 271 4136 oui
291 4070 429 4139 Graecae
455 4095 547 4139 aures
573 4077 791 4156 assueverant,
818 4072 985 4139 deleretur.
1025 4072 1137 4158 Steph.
1162 4067 1295 4139 Aioclv:

131 4189 336 4205 -......-,.

196 4239 234 4281 ¹⁸⁸
251 4236 377 4293 Dindorf.
399 4239 465 4294 Ath.
484 4238 548 4293 XIII
566 4243 636 4295 597·
655 4234 736 4310 ΛυδήΙ
778 4239 850 4294 Item
871 4237 1014 4293 Beklrerus
1035 4192 1119 4296 schol.
1143 4238 1174 4294 ll.
1196 4240 1221 4292 Z
1236 4243 1294 4292 200.

133 4319 196 4377 (lod
213 4321 309 4378 Photii
324 4322 377 4379 lex.
395 4342 415 4379 s.
434 4321 587 4394 δργεῶνες.
616 4323 707 4378 Sehol.
726 4320 817 4394 Apoll.
836 4322 886 4377 Rh.
916 4322 970 4377 Sed
987 4322 1083 4378 Photii
1100 4322 1167 4378 bibl.
1187 4321 1295 4392 (Bekk.)

135 4397 219 4476 Λάδη,
236 4397 265 4462 et
281 4406 404 4475 Anthol,
419 4407 502 4464 schol.
520 4407 601 4467 Dion.
618 4408 732 4478 Perieg,
750 4407 786 4464 al.

181 4491 288 4548 hebra,
301 4495 433 4540 mutuor.
1056 4495 1088 4545 18
