3008 4980
225 307 283 368 142
310 297 345 353 Il.
377 296 418 351 De
436 297 612 353 Aristarchus
628 298 826 354 vocabulorum
842 295 1050 353 Homericorum
1067 295 1310 367 interpretatione.

221 464 280 551 δην
307 460 447 530 πίνοντα
474 457 554 554 ἔφη·
584 457 602 529 ὃ
630 461 669 530 δέ
685 458 898 550 Ἀρίσταρχος
921 456 993 529 cirri
1012 466 1071 529 τοῦ
1092 458 1219 546 ὁμοίως
1237 467 1288 551 τῷ
1309 467 1389 529 Μα-

216 564 325 653 χάονι,
349 567 394 650 ὡς
413 571 451 638 τὸ
474 567 621 658 (,,έ’μπης
641 566 739 657 γαῖάν
758 595 794 637 τε
814 570 871 637 καί
886 565 1051 653 οὐρανόν(
1068 576 1141 657 174),
1159 569 1226 650 „od
1242 566 1282 637 δέ
1297 573 1389 654 χαῖρε

218 677 275 744 καί
296 674 428 766 ἔμπης(
449 682 478 765 (ε
499 685 586 766 205),
606 672 777 764 παρεόντε
798 676 856 745 καί
876 671 982 745 ἀπών.
1023 672 1082 745 τόν
1100 701 1138 744 τε
1158 675 1222 766 πέρ
1243 672 1390 747 πλεονέ-

219 785 295 868 ζειν,
318 781 364 865 ὡς
382 786 421 854 τὸ
437 782 584 876 »ἔφυγόν
600 810 663 872 περ
678 780 781 852 αἰπὺν
798 779 970 869 ὄλεθρον(
985 778 1141 874 (φυγόντι
1155 809 1218 871 περ
1232 825 1277 838 --
1290 811 1309 872 ρ
1323 788 1388 874 47).

300 895 335 962 si
362 897 433 981 quis
461 896 571 961 didicit
597 895 741 961 omnium
766 895 959 981 ineptiarum
982 894 1173 980 magistrum
1193 895 1295 962 fnisse
1315 896 1389 962 Ari-

218 1004 394 1085 starchum‚
421 1004 531 1070 credat
550 1003 626 1069 huic
648 1003 844 1069 testimonio.
886 1002 1031 1088 Reliquis
1057 1024 1216 1088 exponam
1238 1005 1319 1088 quid
1337 1004 1388 1069 hic

218 1116 331 1176 auctor
351 1112 523 1197 aliquoties
545 1112 578 1177 in
599 1111 761 1176 veteribus
783 1110 914 1177 scholiis
935 1109 1053 1195 legerit
1073 1114 1106 1175 et
1124 1111 1234 1197 inepte
1248 1112 1290 1177 ad
1304 1111 1389 1177 huuc

216 1219 325 1284 locum
353 1218 563 1284 transtulerit.
611 1217 742 1285 Scilicet
772 1211 880 1304 έμπης
908 1219 994 1303 apud
1019 1217 1198 1285 Homerum
1227 1218 1388 1304 duplicem

216 1326 335 1392 habere
357 1327 638 1413 significationem,
660 1321 751 1408 ὅμως
765 1329 800 1391 et
813 1319 949 1407 ὁμοίως.
976 1323 1131 1411 Apellen.
1144 1325 1208 1391 lex.
1225 1325 1266 1394 H.
1282 1349 1314 1411 p.
1329 1331 1388 1394 318

135 1438 208 1509 (145)
218 1433 283 1516 (Et.
298 1434 340 1501 M.
355 1439 424 1513 335,
445 1436 498 1517 30)
512 1427 635 1519 ἔμπης·
655 1429 738 1498 ποτέ
750 1428 812 1515 μέν
824 1427 925 1515 ὅμως,
943 1429 1007 1510 ,,σὺ
1024 1430 1062 1497 δέ
1073 1435 1168 1517 χαῖρε
1181 1430 1239 1499 καί
1253 1427 1386 1520 ἔμπης(

216 1541 245 1622 (ε
266 1545 349 1625 205),
370 1537 453 1606 ποτέ
475 1536 511 1605 δέ
533 1533 606 1606 ἀντὶ
625 1544 684 1606 τοῦ
704 1532 830 1623 ὁμοίως
850 1532 874 1626 ἢ
895 1535 1013 1627 ἐπίσης

299 1650 358 1713 τοῦ
378 1644 437 1712 καί
456 1643 645 1730 κινυμένοιο
667 1645 753 1726 Διὸς
772 1643 853 1714 ποτὶ
870 1644 1074 1731 χαλκοβατὲς
1095 1647 1144 1714 δῶ

151 1769 198 1821 14³
299 1750 407 1841 ἔμπης
428 1750 461 1832 ές
482 1750 580 1839 μαῖοίυ
599 1779 635 1821 τε
655 1752 712 1822 καί
730 1748 871 1842 οὐρανὸν
891 1747 968 1820 ἵκετ’
991 1747 1098 1842 α’ϋτμή
1120 1751 1166 1839 (Ξ
1186 1759 1258 1842 174)

217 1887 274 1928 και

297 1965 404 2057 ἔμπης
416 1993 477 2052 μοι
490 1971 598 2049 τοῖχοι
610 1966 786 2056 (μεγάρων)
801 1966 904 2037 καλαί
916 1995 952 2037 τε
964 1965 1131 2055 μεσόδμαι
1145 1973 1176 2055 (τ
1190 1975 1253 2055 37).
1279 1971 1385 2039 Schol

214 2079 307 2144 Pind.
327 2079 421 2164 Pyth.
444 2083 472 2141 V
495 2086 534 2146 74
555 2073 665 2160 ἔμπαν
684 2074 726 2142 τὰ
747 2076 866 2144 καὶτὰ
889 2075 1012 2162 νέμωνι
1035 2073 1184 2144 τουτέστι
1203 2076 1247 2143 τὰ
1267 2070 1385 2162 ἀγαθὰ

213 2182 337 2250 καὶτὰ
366 2179 453 2251 κακοί
475 2238 483 2254 .
506 2234 514 2250 .
536 2237 544 2254 .
566 2187 736 2274 ,χρῶνται
762 2181 800 2250 δέ
827 2189 874 2273 τῷ
900 2179 1011 2269 έμπαν
1036 2178 1110 2252 ἀντὶ
1129 2181 1384 2270 περισπωμένου

212 2295 271 2358 τοῦ
298 2285 402 2376 ὁμῶς,
429 2288 451 2359 ὅ
477 2289 566 2358 ἐστιν
589 2287 664 2360 ἴσον
689 2296 737 2380 τῷ
768 2288 903 2377 ὁμοίως.
948 2290 1092 2379 καὶγὰρ
1118 2291 1157 2360 τὸ
1181 2286 1291 2380 ἔμπης
1315 2287 1385 2359 ἀντὶ

214 2396 468 2488 περισπωμένου
489 2403 547 2467 τοῦ
570 2393 659 2484 ὁμῶς
678 2400 791 2467 τάσσει
804 2396 967 2488 Ὅμηρος·

295 2504 403 2597 ἔμπης
421 2532 483 2593 μοι
504 2504 617 2576 δοκέει
638 2505 766 2576 δαίδων
785 2505 885 2588 σέλας
903 2503 1043 2592 ἔμμεναι
1063 2500 1165 2575 αὐτοῦ

296 2617 354 2685 καὶ
373 2616 522 2705 ’κεφαλῆς
543 2621 576 2702 (o
597 2618 717 2705 354⁸¹).

213 2723 270 2792 καί
291 2719 394 2793 πάλιν
414 2720 549 2814 „ilem
569 2725 604 2805 ές
623 2721 723 2811 μαῖοίν
741 2747 778 2791 τε
797 2723 856 2792 καί
877 2716 1043 2810 οὐρανόνῑῑ
1065 2721 1121 2792 καί
1135 2721 1194 2791 int
1206 2727 1272 2790 τῶν
1286 2719 1384 2810 ὁμαί-

208 2852 267 2903 ‘cca
309 2835 411 2902 Porro
437 2839 467 2900 P
491 2841 551 2904 632
580 2837 646 2900 τῶν
671 2829 731 2919 μέν
757 2830 819 2919 μὰρ
845 2826 979 2899 πάντων
1007 2825 1094 2918 βέλε’
1122 2827 1265 2899 ἅπτεται
1293 2829 1385 2911 ὅστις

213 2934 327 3031 ἀφείη,
349 2936 375 3029 ’ἢ
395 2939 498 3021 κακὸς
517 2934 542 3030 ἢ
563 2936 708 3028 ἀγαθός’
737 2939 821 3020 Ζεὺς
846 2935 879 3007 d’
901 2935 1010 3029 έμπης
1030 2935 1125 3006 πέντ’
1149 2935 1270 3011 idcirce.
1311 2942 1383 3008 Hoc

212 3049 285 3115 loco
313 3051 348 3116 in
370 3052 468 3120 schol.
497 3052 527 3116 Α
548 3051 686 3138 legimus
712 3049 751 3116 τὸ
773 3045 880 3138 ἔμπης
901 3043 973 3116 ἀντὶ
992 3053 1051 3115 τοῦ
1072 3043 1199 3131 ὁμοίως
1218 3045 1382 3130 τέτακται,

214 3159 301 3242 quod
333 3160 460 3226 videtur
492 3159 667 3225 Aristonici
701 3182 778 3226 esse.
802 3214 808 3224 .
831 3159 980 3244 Denique
1005 3157 1159 3244 Apellen.
1188 3157 1319 3243 Dyscol
1345 3160 1383 3224 de

213 3268 294 3331 coni.
320 3288 350 3352 p.
372 3273 446 3346 525,
475 3273 529 3335 24*
545 3265 723 3353 ποιητικὸν
751 3262 866 3350 μέντοι
892 3264 929 3331 τὸ
956 3260 1063 3353 ἔμπης
1093 3262 1151 3330 καί
1178 3261 1323 3353 σύνηθες
1345 3262 1381 3331 τὸ

213 3368 311 3454 ὅμως.
354 3366 562 3458 λαμβάνεται
591 3369 707 3456 μέντοι
732 3370 772 3439 τὸ
796 3366 904 3460 ἔμπης
925 3370 987 3438 καί
1014 3368 1071 3439 έπί
1090 3377 1149 3439 τοῦ
1169 3365 1312 3456 ὁμοίως,
1339 3371 1384 3450 νίς

213 3475 270 3544 tat
290 3485 350 3546 τοῦ

378 3583 486 3676 ἔμπης
504 3611 566 3672 μοι
586 3591 693 3672 τοῖχοι
713 3581 865 3674 μεγαρων
887 3626 924 3638 -

378 3688 486 3784 έμπης
505 3693 540 3775 ές
560 3689 659 3782 paldo
680 3718 715 3762 τε
736 3693 794 3761 καὶ
815 3689 955 3781 οὐρανὸν
975 3732 1028 3762 -.

212 3800 284 3867 Hoc
307 3802 408 3888 igitur
427 3804 648 3891 intelligimus,
670 3805 797 3890 aliquot
815 3805 896 3870 locis
909 3804 1089 3871 Homericis
1110 3804 1207 3889 vulgo
1228 3828 1247 3870 a
1265 3806 1379 3872 veteri·

212 3910 273 3974 bus
294 3913 519 3994 grammaticis,
541 3913 639 3978 etiam
659 3936 679 3978 a
699 3913 995 3998 praestantioribus,
1016 3916 1053 3977 ut
1067 3911 1242 3997 Apollonio
1260 3917 1294 3979 et
1306 3913 1380 3980 Ari-

213 4018 354 4096 starch0‚
379 4011 487 4105 έμπης
513 4020 706 4105 explicatum
732 4020 832 4087 fuisse
854 4013 993 4104 ὁμοίως,
1015 4025 1048 4086 et
1070 4022 1200 4105 quidem
1217 4016 1251 4090 Ξ
1271 4026 1381 4090 lito

277 4279 302 4319 81
320 4276 401 4332 Hunc
412 4275 505 4331 locum
516 4277 653 4346 Odysseae
672 4277 894 4347 quotiescunque
910 4277 1034 4349 inspicio,
1053 4279 1174 4334 occurrit
1190 4278 1320 4349 primitus
1336 4279 1380 4334 fn·

210 4358 263 4416 isse
281 4359 338 4417 κὰκ
355 4364 488 4432 κεφαλῆς.
517 4360 617 4416 Causas
634 4363 716 4418 facile
733 4366 776 4419 est
792 4362 957 4433 perspicere.
