3008 4980
584 1088 802 1172 INDEX

356 1292 729 1364 dissertationum
759 1302 801 1362 et
828 1293 1034 1384 capitum.

574 1637 766 1702 Dissertatio
787 1636 812 1702 I.

367 1752 417 1815 De
438 1752 583 1837 scutatas
604 1753 764 1817 docmate
784 1752 1015 1816 Aristotelem.

110 1905 177 1965 ul
225 1925 255 1981 p.
301 1912 407 1966 1—16.
451 1906 613 1967 Aristonici
637 1907 712 1966 liber
734 1908 770 1966 de
790 1907 869 1966 notis
890 1905 1065 1966 Aristarchi.

108 2013 137 2074 Ο.
159 2013 189 2071 Il
224 2034 253 2089 p.
275 2018 404 2075 16—32.
446 2013 565 2092 Didymi
585 2014 660 2074 liber
682 2015 718 2073 de
740 2013 907 2074 Aristarchi
926 2012 1055 2072 editione
1070 2011 1200 2072 Homeri.
1237 2012 1279 2069 De

185 2121 377 2180 adornatione
390 2121 497 2180 codicis
505 2122 613 2180 Veneti
621 2123 655 2182 A.
662 2121 826 2182 Herodiani
836 2121 912 2181 liber
920 2121 956 2179 de
971 2120 1107 2196 prosodia
1114 2119 1279 2180 Homerica.

108 2226 137 2286 O.
160 2227 207 2284 III
228 2249 255 2303 p.
275 2233 406 2290 32-35.
451 2229 494 2287 De
516 2229 573 2288 fide
594 2229 675 2289 codd.
696 2230 720 2288 L
742 2233 773 2289 et
793 2231 821 2287 V
843 2234 873 2289 et
894 2228 1053 2288 Eustathii.

566 2390 758 2456 Dissertatio
780 2390 820 2455 ΙΙ.

163 2506 212 2570 De
232 2506 437 2570 Arehtarcdao
458 2508 679 2572 vocabulorum
701 2509 939 2572 Homere'corum
964 2508 1227 2592 cictcrprataticne.

109 2677 139 2735 O.
161 2677 176 2735 I
199 2698 227 2752 p.
252 2684 337 2740 36-
350 2683 398 2740 51.
434 2677 602 2753 Exponitur
624 2677 695 2754 quid
710 2680 779 2737 ante
795 2678 1004 2739 Aristarchum
1018 2679 1050 2738 in
1065 2679 1280 2738 vocabulorum

190 2773 436 2860 interpretatione
450 2785 648 2862 grammatica
662 2785 842 2861 praestitum
856 2786 1005 2846 videatur.
1034 2786 1070 2843 In
1084 2785 1207 2845 vocibus
1221 2785 1280 2844 Ho-

192 2892 310 2953 mericis
331 2891 518 2952 illustrandis
539 2910 600 2950 non
621 2893 751 2950 multum
773 2895 862 2952 antea
883 2894 1057 2969 profectum.
1101 2893 1165 2964 Quo
1186 2893 1281 2970 magis

191 3001 335 3074 quaedam
350 2998 519 3060 Aristarchi
542 2998 605 3076 (qui
626 2999 764 3058 universe
779 3001 857 3058 hunc
878 3001 975 3059 locum
990 3001 1108 3078 egregie
1124 2999 1280 3076 tractavit)

190 3107 382 3167 condonanda
403 3110 534 3182 peccata.
578 3107 670 3166 Error
691 3107 722 3166 in
744 3109 891 3168 vocabulo
914 3101 1016 3185 διερός.

108 3213 139 3271 C.
161 3213 192 3271 Π
226 3234 254 3290 p.
278 3220 359 3275 51-
381 3221 429 3275 71.
465 3207 587 3290 βάλλειν,
609 3207 739 3288 οὐτάσαι,
764 3216 827 3275 sim.

108 3319 138 3378 C.
160 3319 205 3377 ΙΠ
226 3342 254 3396 p.
279 3327 428 3382 71-161.
464 3321 606 3397 Reliquae
627 3323 787 3381 verborum
816 3322 1079 3398 interpretationes
1100 3340 1191 3398 eoque
1216 3342 1281 3397 per-

190 3428 318 3488 tinentes
340 3429 569 3490 ohservationes.

558 3590 749 3655 Dissertatio
771 3588 827 3654 ΠΙ.

128 3723 178 3786 De
199 3723 407 3808 eaphcotc'one
422 3738 536 3808 poetae
557 3738 712 3817 quotenus
729 3723 844 3808 pendet
861 3749 882 3785 a
902 3724 1034 3786 amentia
1056 3726 1258 3810 aatc'quztatts

598 3841 791 3904 Homericae.

108 3992 177 4052 ut
230 4016 258 4070 p.
285 4002 456 4058 163-174.
492 3997 536 4055 De
559 4004 635 4069 aere,
657 3993 923 4071 aethere‚Olympo‚
946 3997 976 4054 et
998 3995 1144 4070 quaedam
1166 3994 1282 4053 eliade

190 4102 264 4162 faeie
286 4103 398 4161 mundi.

108 4207 140 4267 O.
161 4209 192 4266 II
230 4230 258 4286 p.
284 4217 452 4273 174—191.
495 4209 702 4288 Mythologica.

109 4314 139 4374 0.
160 4316 208 4374 ΙΠ
228 4338 256 4394 p.
283 4324 452 4380 191—196.
496 4318 540 4375 De
561 4317 646 4376 cultu
668 4318 699 4375 at
720 4316 804 4375 victu
826 4316 959 4376 heroum.
