3008 4980
516 339 540 389 2.
568 327 692 406 βάλλειν,
711 332 839 403 οὐτάσαι,
857 334 916 389 sim.
1244 340 1301 403 '55

138 491 370 584 Σαρπηδόνος·
400 494 432 564 oi
459 496 496 565 δὲ
522 493 593 566 άντί
619 505 679 567 τοῦ
703 494 835 566 τύπτων
861 503 931 578 τοῖς
951 497 1033 565 ποσί
1052 496 1109 564 καί
1138 496 1305 578 λακτίζων.

138 606 200 671 Hic
221 607 275 670 illc
297 607 324 671 si
344 607 620 673 Aristerchearum
640 610 818 674 lectionum
844 613 911 673 tam
939 630 1058 694 gnarus
1084 608 1147 673 fuit
1174 608 1251 691 quid
1271 609 1305 671 in

138 714 256 798 ineptis
276 714 385 798 potius
401 715 666 798 explicationibus
687 712 851 781 volutatur
873 738 969 799 quam
982 715 1220 779 Aristarchoam
1239 714 1304 779 lec-

138 822 268 900 tionem,
290 843 372 904 quae
393 820 456 885 alia
476 820 546 900 fnit,
569 823 700 888 attulit?
721 823 785 889 Res
801 823 885 887 clara
907 826 964 902 est,
986 826 1019 887 et
1032 821 1088 886 illo
1109 822 1182 887 loco
1204 843 1304 886 unum

138 928 311 1011 Didymum
326 927 389 992 fide
406 927 539 1013 dignum
554 952 622 994 esse
638 936 671 995 ct
685 931 746 996 hoc
766 931 838 995 loco
860 930 894 993 in
909 929 1087 994 Aristarchi
1109 928 1303 992 editionibus

139 1056 204 1099 non
218 1034 338 1117 lectum
352 1033 465 1099 firisse:
488 1025 533 1111 άίς
550 1030 568 1100 ὁ
585 1033 699 1113 τυπείς
720 1030 871 1123 ἤσπαιρε.
908 1035 993 1114 Quid
1013 1036 1114 1121 igitur
1133 1033 1217 1098 fuit?
1237 1034 1306 1099 Aut

139 1141 228 1206 nulla
249 1142 431 1206 coniectura
452 1164 517 1207 non
538 1143 637 1208 fallax
658 1148 714 1208 aut
733 1144 797 1209 fuit
818 1138 981 1225 δαμείς.33

221 1247 369 1314 Ceterum
390 1248 454 1312 iam
479 1249 531 1314 hic
552 1252 762 1331 monendum,
793 1251 880 1335 quod
906 1250 990 1314 infra
1018 1250 1199 1331 ostendam,
1225 1241 1244 1313 δ
1269 1244 1306 1312 δέ
1408 1251 1411 1254 ’

139 1347 299 1441 Πήδασον
325 1353 471 1438 ἤλασεν
496 1356 602 1421 ἵππον
623 1359 801 1423 Aristarchi
826 1358 998 1422 lectionem
1023 1379 1088 1420 non
1107 1356 1218 1420 fuisse:
1246 1378 1305 1420 nec

138 1461 200 1527 hoc
220 1462 347 1528 videtur
368 1465 472 1529 dicere
493 1464 633 1530 voluisse
654 1465 821 1549 Didymus.

219 1570 338 1648 Huius,
373 1593 469 1654 quam
499 1594 585 1636 nunc
610 1575 797 1650 tractamus,
830 1571 1061 1635 observationis
1087 1570 1218 1652 ignarus
1244 1569 1306 1633 fuit

140 1675 325 1741 Zenodotus
347 1679 523 1758 cumulus,
555 1681 652 1761 atque
679 1679 806 1743 videtur
830 1700 912 1761 quae
934 1678 1060 1761 aliquot
1080 1677 1159 1742 locis
1181 1677 1305 1740 varians

139 1783 362 1848 inveniebatur
386 1784 483 1849 lectio
505 1785 691 1850 Aristarcho
721 1786 755 1849 in
775 1786 837 1849 hoc
858 1789 896 1849 ut
914 1785 950 1849 in
971 1785 1042 1849 aliis
1062 1783 1173 1848 multis
1196 1783 1305 1847 obser·

138 1891 233 1956 vandi
259 1891 459 1956 occasionem
494 1892 627 1958 dedisse.
669 1891 814 1957 Primum
842 1896 880 1954 Π
905 1899 963 1960 105
996 1889 1138 1974 βάλλετο
1168 1882 1201 1954 δ’
1225 1883 1305 1953 αἶείε

139 1992 171 2084 (η
187 1995 302 2084 διπλῆ)
318 1992 370 2063 ὅτι
384 1995 470 2074 τινές
484 1993 650 2087 γράφουσι
670 1992 809 2064 τύπτετο
825 1992 857 2062 δ’
876 1990 954 2063 αίεί·
977 1992 1154 2084 προείρηκε
1169 1994 1206 2062 δέ
1226 1995 1306 2080 βαλ-

139 2101 281 2190 λομένην
309 2102 367 2170 καί
392 2100 572 2187 βάλλοντες
592 2111 674 2191 (104.
696 2109 741 2191 5)·
768 2103 807 2171 τδ
830 2101 867 2170 δέ
887 2105 1002 2189 βαλεῖν
1032 2102 1120 2171 ἐστιν
1141 2101 1178 2170 έκ
1197 2102 1308 2186 χειρὸς

137 2204 246 2297 τύψαι
268 2212 343 2298 (leg.
359 2210 396 2277 τὸ
414 2209 450 2277 δέ
464 2213 579 2297 βαλεῖν
601 2213 671 2279 ἔστι
685 2207 874 2299 πόρῥωθεν,
895 2211 934 2279 τὸ
958 2209 994 2277 δὲ
1014 2207 1122 2303 τύψαι
1143 2209 1180 2277 έκ
1199 2206 1309 2294 χειρός

141 2319 193 2384 vel
212 2317 250 2383 τὸ
274 2315 361 2384 δὲέκ
381 2319 492 2403 χειρὸς
511 2314 639 2410 τύψαι).
674 2322 851 2387 Deindell
864 2326 932 2388 807.
968 2320 1136 2386 Patroclus
1151 2320 1191 2384 ab
1205 2319 1307 2404 Apol-

137 2424 204 2490 line
234 2449 331 2491 mann
358 2428 547 2511 percutitur;
573 2429 734 2495 adduntur
758 2429 852 2493 haec:
879 2431 937 2515 στῆ
960 2424 996 2492 δὲ
1016 2420 1148 2514 copulo·
1181 2419 1307 2492 ’όπιβεν

139 2528 176 2596 δὲ
196 2526 402 2620 μετάφρενον
424 2530 498 2614 ὀξέϊ
518 2534 611 2620 δουρὶ
632 2529 732 2617 άίμων
753 2533 914 2621 μεσσηγὺς
935 2516 1093 2615 σχεδόθεν
1113 2529 1198 2618 βάλε
1218 2528 1306 2619 Δάρ-

139 2639 238 2717 δανος
256 2633 348 2730 άνηρ,
373 2637 574 2729 Πανθοίδης
591 2635 769 2732 Είίφορβος
785 2667 843 2706 -.·
861 2637 893 2730 (ἡ
910 2641 1026 2731 διπλῆ)
1048 2639 1102 2707 ὅτι
1120 2633 1308 2728 Ζηνόδοτος

139 2740 257 2834 χράφει
280 2747 396 2828 σχεδὸν
418 2747 534 2815 οίταοε
555 2745 732 2835 Δάρδανος
753 2743 845 2835 άνήρ.
885 2742 998 2833 άχνοεῖ
1019 2746 1055 2813 δὲ
1077 2745 1129 2813 ὅτι
1149 2746 1186 2814 ἐκ
1206 2748 1308 2834 βολῆς

138 2851 314 2940 τέτρωται,
344 2851 390 2934 ὡς
412 2856 470 2921 διὰ
494 2862 557 2924 τῶν
589 2853 662 2945 ἑξῆς
687 2853 852 2922 δείκνυται
874 2854 939 2936 ,,ὅς
958 2880 1012 2922 τοι
1040 2859 1173 2938 πρῶτος
1200 2852 1371 2942 impunes)

137 2959 260 3043 βέλος(
276 2965 369 3048 (812).
402 2967 447 3031 nt
461 2967 610 3051 deinceps
625 2967 666 3030 ad
681 2990 751 3031 eam
773 2989 842 3031 rem
856 2965 1106 3030 confirmandam
1121 2986 1186 3028 non
1202 2964 1306 3029 solum

137 3070 178 3134 ad
197 3071 284 3136 hunc
297 3095 432 3153 versum,
454 3075 511 3138 sed
532 3075 573 3138 ad
594 3096 714 3152 omnes,
737 3075 821 3139 unde
836 3075 899 3138 hoc
920 3077 1018 3158 patet,
1042 3072 1127 3157 diple
1149 3073 1305 3157 apposita,
1324 3096 1354 3145 55

136 3200 163 3243 e.
178 3197 207 3260 g.
226 3183 298 3247 812:
321 3175 371 3244 ὅτι
392 3177 554 3267 βέβληται
574 3177 631 3246 καί
653 3176 711 3246 οὐκ
734 3178 899 3262 οίίτασται,
921 3173 965 3256 ὡς
979 3173 1181 3264 Ζηνόδοτος·
1204 3176 1305 3261 βέλος

136 3286 215 3367 γοῦν
234 3281 373 3371 κέκληκε
396 3285 452 3351 διὰ
474 3285 512 3353 τὸ
534 3289 739 3376 βεβλῆσθαω
759 3289 838 3354 item
859 3289 899 3354 ad
921 3293 990 3355 819.
1014 3293 1083 3355 828.
1105 3291 1135 3350 Ρ
1155 3295 1201 3354 15.

218 3391 372 3476 Sequitur
396 3398 424 3456 Y
439 3401 514 3465 273:
538 3393 687 3481 δεύτερος
708 3387 776 3461 αὖτ’
793 3389 946 3476 ,Ἀχιλεύς
966 3392 1080 3479 προίέι
1103 3391 1309 3474 δολιχόσκιον

136 3491 229 3581 έχχος
241 3498 298 3565 καί
312 3495 415 3583 βάλεν
428 3497 574 3571 Αίνείαο
587 3497 657 3568 κατ’
675 3497 805 3569 άσπίδα
815 3493 951 3568 πάντσά
965 3497 1056 3587 ε”ίσην
1071 3525 1126 3565 -.·
1142 3495 1174 3586 (ἦ
1193 3499 1308 3587 διπλῆ)

137 3601 190 3669 ὅτι
217 3602 404 3693 Ζηνόδοτος
424 3604 642 3697 μετεποίησεν
670 3606 772 3688 ούτως
801 3604 938 3697 ,ηαελίην
963 3601 1153 3672 ἰθυπτίωνα
1179 3602 1309 3674 άσπίδα

136 3706 205 3792 νύξ’
234 3711 269 3792 ἐς
295 3714 422 3795 χαλκὸν
448 3718 485 3804 <l
519 3710 678 3798 εύχαλκον
709 3741 782 3784 cnm
813 3717 899 3802 cod.)
933 3709 1104 3797 άμύμονος
1132 3709 1308 3784 Αἰνείαοέέ.

102 3876 106 3883 .
137 3814 197 3885 σίκ
213 3818 249 3886 έκ
262 3821 373 3908 χειρὸς
391 3821 428 3888 δὲ
445 3820 598 3905 ἐπέτυχεν
614 3819 822 3906 ὁἈχιλλεύς,
846 3820 928 3905 ὅπερ
944 3821 1001 3887 διὰ
1017 3826 1074 3888 τοῦ
1095 3816 1168 3903 νύξε
1189 3819 1308 3911 σημαί-

136 3951 236 4014 νειαι,
256 3923 344 3996 άλλὰ
359 3927 503 4018 βέβληκε
523 3931 561 3999 τὸ
586 3928 681 4016 δόρυ
705 3930 759 3998 διὸ
782 3929 839 3996 καί
860 3927 935 4016 ἑξῆς
954 3927 1055 4014 βέλος
1077 3925 1156 3996 αὐτὸ
1180 3923 1308 4017 εἴρηκεν

137 4039 209 4119 (283
230 4032 398 4126 ταρβήσας
422 4035 441 4106 ὅ
464 4034 496 4105 oi
523 4038 599 4123 άχχι
621 4035 710 4124 πάγη
731 4038 852 4123 βέλος).
891 4041 1028 4117 Deinde,
1056 4043 1093 4103 ut
1114 4039 1211 4118 solet,
1237 4062 1308 4103 ver·

136 4146 224 4210 sibus
247 4147 410 4230 omnibus,
436 4149 523 4212 unde
548 4149 611 4214 hoc
632 4150 678 4214 ita
703 4171 772 4213 esso
794 4148 1012 4230 confirmatur,
1040 4147 1126 4231 diple
1151 4147 1308 4230 apposita,

203 4383 228 4422 ³3
244 4383 272 4435 Γ
287 4386 336 4437 368
354 4381 457 4451 duplex
474 4380 558 4436 lectio
576 4381 632 4436 fuit
649 4379 708 4436 οὐδ’
730 4372 836 4451 ἔβαλόν
854 4399 904 4449 μιν
922 4382 951 4434 et
968 4381 1027 4435 οὐδ’
1050 4371 1209 4447 ἐδάμασσα.
