3008 4980
526 348 549 399 2.
572 337 696 417 βάλλειν,
715 336 846 411 οὐτάσαι,
863 344 921 398 sim.
1265 354 1304 415 59

140 507 305 573 Hactenus
327 531 408 593 quae
431 512 575 594 exposita
596 517 672 577 sunt
693 535 730 577 60
751 513 816 576 sive
837 534 904 576 rem
924 511 1027 596 ipsam
1048 515 1227 594 spectamus
1247 533 1303 576 seu
1321 525 1353 574 58

142 616 370 699 comprobandi
384 617 542 682 rationem
559 641 615 684 seu
630 641 723 684 usum
738 619 882 684 criticum
897 619 1040 682 omnium
1054 618 1173 683 debent
1185 623 1306 703 puncta

140 722 231 789 ferre.
263 722 358 799 Quod
371 745 456 789 nunc
471 725 615 808 sequitur
633 726 707 791 hnic
723 748 882 790 annexum
901 724 1036 790 fortasse
1059 725 1098 789 ab
1121 725 1191 789 aliis
1213 725 1306 790 aliter

141 829 373 894 diiudicabitur.
410 829 490 898 Cum
505 825 641 897 οὐτάσαι
658 855 724 897 000
740 833 862 896 dicatur
881 832 944 896 nisi
963 833 1001 895 de
1015 832 1146 897 vulnere
1161 833 1304 897 cominus

139 935 230 1000 illato
257 936 403 1002 videatur
421 938 496 1003 1006
519 940 650 1006 ductum
676 940 912 1005 substantivum
939 930 1056 1024 ὠτειλῆ
1085 940 1122 1004 00
1149 940 1305 1004 eiusmodi

140 1045 265 1106 tantum
283 1043 388 1129 plagis
408 1045 469 1109 dici
489 1068 593 1129 posse.
623 1046 668 1111 Et
689 1047 741 1111 hic
755 1069 832 1112 usus
846 1047 1007 1111 invenitur
1021 1045 1071 1111 his
1086 1046 1180 1111 locis:
1202 1048 1231 1108 E
1244 1052 1304 1114 870

141 1148 193 1231 (cf.
216 1152 298 1233 858).
336 1154 375 1213 A
395 1158 455 1220 206
478 1150 859 1238 (numinenumine
881 1148 917 1217 ἐκ
935 1149 1046 1237 χειρὸς
1059 1150 1187 1238 πληγὴν
1209 1145 1304 1218 ὠτει-

139 1252 201 1341 λῆν
222 1252 321 1342 λέγει,
342 1256 435 1343 παρὰ
457 1257 494 1325 τὸ
517 1255 661 1327 οὐτάσαι.
697 1260 742 1328 Of.
766 1263 848 1343 252).
870 1257 903 1329 Ξ
921 1266 990 1328 518.
1011 1263 1051 1322 Π
1070 1265 1130 1328 862
1151 1259 1202 1342 (cf.
1223 1262 1304 1343 820).

139 1364 170 1424 Ρ
187 1370 246 1431 0οτ
269 1364 319 1447 (cf.
341 1368 423 1450 aaa).
453 1373 492 1435 sc
515 1367 567 1448 (cf.
590 1372 651 1452 48).
693 1372 723 1429 ο
748 1374 806 1435 122
833 1367 884 1449 (cf.
908 1371 987 1450 114).
1022 1391 1042 1430 κ
1070 1374 1128 1435 164
1155 1368 1206 1450 (cf.
1235 1372 1303 1434 158.

141 1473 221 1553 162).
254 1494 274 1534 τ
287 1479 348 1541 456
371 1473 421 1555 (cf.
436 1478 518 1559 449).
551 1480 663 1554 0189,
686 1497 750 1559 quo
772 1475 843 1539 loco
867 1475 986 1539 dictum
1009 1468 1368 1559 601συλληπτικῶς1101

139 1579 180 1659 (v.
193 1601 213 1657 χ
227 1584 296 1648 203.
312 1583 394 1663 308),
415 1585 452 1646 01
476 1586 508 1642 T
517 1588 565 1648 25.
599 1586 628 1644 Σ
640 1587 709 1660 351,
730 1582 786 1646 ubi
806 1582 868 1647 hoc
886 1583 926 1646 ab
942 1582 1124 1646 Aristonico
1147 1583 1303 1645 notatum.

137 1685 291 1750 Attamen
319 1687 382 1752 duo
409 1693 486 1752 sunt
511 1689 574 1752 loci
595 1689 651 1752 ubi
676 1681 796 1777 ὠτειλῆ
827 1689 942 1753 dicitur
968 1689 1006 1752 06
1035 1688 1164 1752 vulnere
1187 1688 1305 1771 sagitta

137 1792 365 1871 111010,Λ140
388 1795 439 1877 (cf.
462 1798 502 1860 ad
525 1799 596 1878 157)
620 1798 729 1863 61148
751 1788 882 1879 (αὐτίκα
905 1788 936 1859 d'
960 1789 1070 1880 έρῤεεν
1091 1783 1174 1874 αἷμα
1196 1792 1304 1857 κελαι-

136 1895 234 1985 νεφὲς
247 1895 285 1980 ἐξ
296 1893 435 1990 ὠτειλῆς
450 1907 482 1968 61
497 1896 540 1978 ὡς
557 1892 643 1966 εἶδεν
656 1898 762 1985 μέλαν
784 1891 868 1985 αἷμα
889 1898 1069 1987 κοιταῤῥέον
1090 1898 1127 1981 ἐξ
1146 1893 1304 1989 ὠτειλῆς),

139 2007 177 2071 06
198 2008 345 2074 Menelao
366 2009 506 2075 Pandari
527 2010 645 2094 sagitta
666 2010 778 2078 icto35.
821 2008 914 2087 Quod
936 2032 1009 2074 cum
1030 2009 1216 2074 Aristarcho
1238 2031 1304 2072 non

138 2115 297 2180 videretur
321 2117 391 2181 fieri
415 2139 525 2202 posse,
558 2117 619 2182 hos
646 2140 756 2183 versus
783 2117 877 2182 obelo
904 2117 1037 2184 notavit.
1086 2117 1140 2182 Ad
1165 2117 1304 2201 priorem

137 2222 243 2287 locum
256 2228 446 2288 annotatum
464 2229 526 2289 est:
548 2219 717 2288 ἀθετεῖται
732 2221 784 2287 ὅτι
803 2217 862 2288 οὐκ
883 2216 923 2286 ἂν
945 2220 1038 2306 λέγοι
1050 2219 1198 2309 Ὅμηρος
1211 2215 1304 2286 ὠτει-

137 2327 199 2417 λῆν
218 2328 256 2395 τὸ
278 2327 315 2395 έκ
336 2328 440 2416 βολῆς
458 2334 597 2417 τραῦμα,
620 2333 661 2396 00
683 2331 832 2396 altarum:
853 2323 1026 2395 ἅθετεῖται
1043 2326 1148 2395 πάλιν
1171 2326 1227 2393 διὰ
1244 2326 1305 2413 τῆν

137 2429 281 2525 ὥτειλῆν.
317 2438 362 2504 Et
374 2442 411 2502 ut
432 2439 538 2503 minus
559 2438 740 2504 dubitemus
763 2439 801 2504 06
823 2443 929 2523 etymo
951 2461 1017 2504 non
1039 2439 1217 2504 omiserunt
1235 2437 1303 2501 ani·

136 2544 334 2611 madvertere
363 2547 404 2610 ad
425 2543 458 2613 Ξ
476 2552 536 2614 518
562 2538 631 2609 κατ’
660 2540 842 2632 οὐταμένην
872 2539 1028 2631 ὠτειλήντ
1055 2539 1086 2633 (ῆ
1111 2543 1226 2632 διπλῆ)
1253 2540 1305 2609 ὅτι

137 2652 399 2736 παρετυμολογεῖ
418 2650 478 2737 τὴν
492 2645 631 2742 ὠτειλῆν
653 2645 722 2718 ἀπὸ
743 2656 803 2718 τοῦ
825 2648 950 2721 odraus.
985 2655 1031 2719 At
1045 2654 1110 2719 dixi
1123 2653 1189 2717 iam
1210 2655 1304 2716 antea

140 2760 178 2824 de
192 2760 254 2825 hoc
268 2783 334 2827 non
349 2784 450 2826 unum
466 2763 609 2826 omnium
623 2762 777 2827 iudicium
792 2761 872 2826 fore:
888 2783 949 2845 ego
966 2783 1131 2826 assensum
1146 2760 1303 2825 sustineo:

139 2865 273 2933 lectores
294 2872 446 2952 reputent
467 2868 545 2952 quid
570 2868 686 2952 reliqui
711 2868 774 2933 loci
802 2867 888 2931 haud
909 2889 986 2932 sane
1006 2869 1100 2951 pauci
1121 2866 1251 2930 valeant
1272 2868 1305 2929 61

138 2974 224 3056 quod
250 2975 285 3037 10
310 2974 474 3040 vocabulis
495 2967 594 3062 βολῆ,
615 2971 731 3057 βέλος,
761 2968 869 3061 πλῆμῆ
897 2996 917 3038 a
936 2969 1073 3057 βάλλειν
1094 2978 1127 3038 61
1147 2970 1303 3060 πλῆοοειν

138 3078 240 3144 000110
255 3085 398 3146 servatur
415 3082 559 3166 possitne
580 3083 733 3147 continuo
756 3083 797 3146 ad
818 3074 936 3166 ὥτειλῆ
958 3081 1132 3162 transferri,
1153 3081 1241 3163 quod
1262 3081 1302 3144 ab

138 3178 276 3250 οὐτάσαι
299 3188 386 3269 (hinc
412 3189 497 3253 enirn
523 3192 629 3255 ortum
657 3211 727 3254 6006
752 3189 805 3253 vix
824 3187 936 3252 licebit
957 3188 1114 3270 dubitare)
1142 3192 1174 3251 et
1198 3186 1300 3251 forma
1319 3206 1351 3255 59

138 3296 170 3356 et
184 3293 418 3378 significatione
432 3296 530 3380 paulo
547 3301 632 3363 certe
647 3298 739 3362 abest
753 3295 895 3380 longius:
917 3296 974 3359 sed
987 3295 1049 3359 hoc
1063 3317 1103 3359 ne
1125 3293 1301 3380 negligant,

137 3400 224 3483 quod
238 3401 279 3464 ad
292 3401 513 3467 Aristarchum
531 3404 789 3489 cognoscendum
804 3401 889 3481 facit,
906 3423 1002 3484 quam
1015 3401 1159 3466 modeste
1176 3401 1302 3465 dixerit:

137 3502 201 3570 ὅτι
227 3499 297 3573 οὐκ
319 3500 363 3572 dv
384 3505 687 3596 λέγοιὍμηρος.
703 3549 752 3577 -.

216 3613 292 3679 Non
319 3616 491 3699 probamus
513 3617 624 3697 hodie,
651 3620 738 3701 quod
764 3618 888 3701 aliquot
911 3617 991 3680 locis
1017 3611 1116 3696 βέλος
1136 3619 1303 3699 acceptum

136 3724 185 3784 est
204 3743 263 3804 pro
277 3722 416 3788 vulnere.
459 3725 562 3790 (9513
577 3717 649 3787 ἀλλ’
669 3721 714 3802 ὥς
734 3748 785 3802 τις
804 3720 926 3788 τούτων
948 3745 983 3807 με
1001 3718 1100 3803 βέλος
1113 3719 1170 3787 καὶ
1185 3716 1303 3787 οἴκοθι

128 3824 256 3914 ’πέοοῆτ
288 3824 319 3916 (ῆ
350 3828 466 3917 διπλῆ)
493 3827 545 3896 ὅτι
572 3828 672 3914 βέλος
701 3825 810 3919 εἴρηκε
837 3828 876 3896 τὸ
905 3832 1020 3915 τρῶμα
1049 3822 1230 3912 ὁμωνύμως
1256 3832 1303 3914 τῷ

134 3928 355 4019 τιτρώσκοντι.
389 3934 497 4006 Ξ439
518 3934 616 4020 βέλος
638 3932 669 4002 d'
692 3933 741 4002 ἔτι
762 3935 873 4020 0ομον
894 3931 1033 4020 ἐδάμναε
1059 3932 1113 4002 ὅτι
1131 3933 1231 4018 βέλος
1247 3933 1303 4001 τὸν

135 4040 336 4129 βεβλημένον
362 4038 474 4113 τόπον.
521 4044 676 4110 Nostrum
713 4050 762 4110 est
791 4046 854 4111 hoc
885 4066 923 4108 ex
953 4049 1097 4110 veterum
1134 4043 1302 4127 disciplina

200 4302 225 4342 ³⁵
242 4300 319 4354 Idem
331 4300 452 4355 Menelai
468 4301 567 4355 vulnus
587 4296 669 4365 ἕλκος
687 4301 858 4357 dicitur190.
877 4307 938 4358 217:
957 4301 1032 4370 quod
1050 4301 1084 4354 de
1103 4304 1221 4369 utroque
1238 4299 1288 4353 vul

136 4398 231 4436 nerum
248 4401 349 4453 genere
367 4385 475 4442 dicitur.
