3008 4980
416 338 439 388 2.
463 333 504 387 De
522 333 704 389 adornatione
723 332 824 388 codicis
841 332 943 388 Veneti
962 333 993 387 A.
1252 339 1292 401 29

207 500 330 566 Deinde
359 502 465 567 cautio
495 501 686 579 adhibenda,
717 501 757 565 ad
788 523 884 585 quem
911 501 1008 564 finem
1040 498 1293 583 unumquodque

125 608 272 673 scholion
299 609 440 674 eiusdem
470 608 609 673 auctoris
637 609 686 674 sit.
724 608 855 673 Etenim
882 608 938 692 qui
966 607 1045 671 haec
1072 608 1235 693 congessit
1257 629 1294 672 ea

126 737 359 799 nonnunquam
372 717 498 780 ratione
512 737 590 780 usus
605 718 662 793 est,
676 719 714 779 ut
727 715 835 799 plures
850 715 1074 779 annotationes
1090 717 1295 779 connecteret

124 844 182 907 per
197 818 243 907 δέ,
265 823 328 889 hoc
349 825 460 889 modo:
481 825 521 886 A
542 828 602 891 593
624 815 801 887 κάππεσον
821 818 856 886 ἐν
876 815 1025 906 Λήμνῳε
1051 818 1137 905 πρὸς
1155 819 1197 884 τὰ
1217 817 1294 904 περὶ

123 922 307 1010 Ὀλύμπου·
328 931 529 1013 παράκειται
547 927 608 1014 γὰρ
631 924 807 1017 ἡΛῆμνος
826 932 866 1018 τῇ
884 922 1006 1017 Θρᾴκη.
1026 925 1113 1006 τινές
1135 924 1171 993 δέ
1191 950 1293 1009 μετα·
1304 936 1359 1008 (33)

124 1045 279 1103 ποιοῦσιν
299 1034 333 1114 ές
357 1041 514 1124 Λῆμνον·
544 1030 617 1102 ἀλλ’
641 1032 661 1103 δ
687 1034 826 1126 ποιητὴς
849 1040 967 1122 χρῆται
988 1041 1036 1122 τῷ
1056 1031 1198 1122 τοιούτῳ
1221 1032 1295 1120 σχή-

124 1167 216 1226 ματι,
240 1142 303 1224 „ev
325 1139 353 1209 δ’
377 1138 466 1211 έπεδ
488 1139 659 1231 Ὠκεανῷα
681 1147 731 1231 <Θ
752 1147 839 1230 485>,
862 1141 1060 1223 ,μοίππεοευ
1083 1139 1118 1208 έν
1138 1137 1293 1230 κουίησια

125 1254 174 1339 <0
193 1253 284 1338 538),
315 1256 407 1343 ,βοῇ
429 1250 464 1318 έν
485 1251 541 1339 νηῒ
563 1249 723 1341 πέσῃσιν(
749 1254 798 1339 <O
820 1253 906 1338 624>.
943 1247 1046 1329 οὕτως
1072 1244 1294 1337 Ἀρίσταρχος.

125 1360 215 1427 Haec
240 1362 417 1427 Aristonici
448 1366 525 1426 sunt
553 1384 657 1446 usque
691 1362 731 1426 ad
758 1364 799 1449 τῇ
831 1354 952 1448 Θρᾴκη.
994 1360 1132 1445 Reliqua
1156 1359 1294 1442 Didymi.

127 1471 156 1531 P
174 1474 234 1536 202
263 1460 322 1546 οάχ
348 1464 452 1545 οὕτως
477 1464 705 1555 παρείληπται
734 1462 779 1544 ὡς
806 1463 900 1556 ἡμεῖς
920 1465 955 1532 ἐν
974 1472 1015 1557 τῇ
1037 1462 1195 1554 συνηθείᾳ
1215 1461 1295 1530 τοίσ-

125 1593 225 1655 σομεν
247 1574 464 1653 διστακτικῶς
483 1575 522 1644 τὸ
546 1573 676 1661 σχεδόν,
699 1569 769 1641 ίιλλ>
791 1568 864 1640 ἀντὶ
882 1578 942 1641 τοῦ
961 1571 1065 1659 typos.
1098 1570 1132 1639 αἱ
1156 1567 1295 1656 δέἈρι-

125 1677 264 1766 στόρχου
287 1673 324 1760 ὃς
346 1678 389 1768 δή
409 1707 463 1749 τοι
483 1683 598 1763 σχεδὸν
620 1675 712 1751 εἶσιν.
757 1684 890 1750 Initium
915 1684 1102 1762 Aristonici,
1131 1676 1165 1746 al
1193 1679 1229 1746 δέ
1256 1720 1293 1728 -

124 1790 261 1874 Didymi.
297 1791 370 1856 Hoc
388 1793 509 1876 ubique
531 1794 709 1858 notandum
730 1794 758 1858 si
780 1793 852 1877 quis
872 1792 923 1856 his
946 1791 1076 1857 scholiis
1097 1791 1207 1855 utitur.
1243 1788 1295 1854 Sic

124 1903 164 1961 A
183 1905 244 1965 225
270 1890 460 1982 οἰνοβαρέςε
494 1895 547 1964 ὅτι
568 1893 757 1987 Ζηνόδοτος
776 1903 896 1964 τοῦτον
921 1897 980 1966 τὸν
1004 1893 1110 1964 τόπον
1130 1890 1296 1982 ἧδέτηκεν

126 2000 188 2081 ἕως
200 2008 258 2070 τοῦ
278 2003 355 2091 „vol
370 2003 418 2087 μὰ
437 2002 516 2072 τόδε
533 2010 729 2094 οκῆπτρον“
748 2010 844 2090 (234).
866 2000 946 2070 καθ’
963 2001 1099 2092 ἑκάστην
1121 2001 1158 2069 δέ
1180 2003 1296 2068 λοιδο-

125 2107 200 2195 ρίαν
213 2110 315 2197 βραχὺ
334 2112 558 2180 διαστολτέον.
594 2115 704 2200 Usque
726 2116 767 2180 ad
788 2121 953 2204 σκῆπτρον
966 2114 1150 2192 Aristonici,
1171 2110 1296 2195 reliqua

124 2219 302 2286 Nicanoris.
342 2228 380 2286 A
397 2229 457 2289 255
480 2218 542 2298 ἕως
560 2227 618 2288 τοῦ
637 2219 806 2302 μάχεσθαι
824 2219 1022 2286 ουναπτέον·
1044 2218 1146 2304 βραχὺ
1169 2216 1206 2284 δέ
1227 2220 1296 2284 δια·
1395 2218 1398 2224 ’

126 2324 282 2392 σταλτέον
291 2329 420 2408 παῖδες,
437 2332 547 2414 θυμῷ,
559 2326 810 2412 μαρναμένοιιν.
828 2325 1075 2414 περισπαστέον
1088 2324 1124 2392 δὲ
1137 2325 1195 2393 τὸν
1209 2317 1230 2414 ἦ
1247 2367 1295 2392 -.

128 2434 261 2500 Initium
281 2435 461 2503 Nicanoris.
498 2440 527 2504 A
553 2434 798 2522 περισπαστέον
820 2435 856 2503 δὲ
877 2438 1062 2504 Herodiani.
1103 2432 1215 2504 5437
1237 2430 1295 2498 διὰ

125 2546 184 2607 τοῦ
211 2566 227 2607 ε
248 2544 283 2634 ott
302 2536 514 2629 Ἀριστάρχου
536 2544 593 2610 καί
619 2541 654 2610 αὶ
675 2540 827 2624 πλείους,
853 2539 1052 2627 ἀπέμεσσεν·
1080 2541 1296 2628 Ζηνοδότειος

126 2646 163 2714 δέ
177 2647 297 2739 ἐστινὴ
315 2651 372 2717 διὰ
387 2655 446 2718 τοῦ
461 2676 483 2716 α
504 2646 704 2734 ἀπέμασσεν.
725 2652 828 2738 βραχὺ
853 2649 889 2717 δέ
912 2647 1127 2717 διασταλτέον
1141 2690 1180 2698 -
1195 2649 1296 2732 Didy-

126 2781 197 2822 mus
222 2795 261 2802 —
283 2758 434 2825 Nicanor.
471 2760 514 2825 Et
537 2762 582 2825 sic
603 2785 708 2846 porro.

210 2975 229 3058 ἐ
254 2983 300 3042 11.
342 2974 422 3039 Tam
452 2977 546 3041 bonis
578 2976 729 3041 subsidiis
754 2976 987 3059 posterioribus
1016 2975 1231 3061 grammaticis
1257 2976 1297 3038 ad

126 3081 346 3147 Aristarcheas
360 3083 516 3147 lectiones
531 3087 564 3147 et
584 3087 756 3168 praecepta
777 3084 1001 3168 cognoscenda
1023 3082 1072 3147 uti
1092 3083 1193 3150 licuit.
1230 3080 1297 3146 He-

126 3190 277 3254 rodianus
296 3190 330 3253 in
344 3189 427 3254 libro
444 3190 482 3254 de
497 3191 648 3274 prosodia
661 3190 834 3256 Homerica
848 3191 987 3277 Didymo
1002 3212 1079 3254 usus
1102 3193 1163 3255 est:
1178 3193 1222 3252 A
1236 3195 1295 3256 441

127 3291 228 3372 οὕτως
243 3290 351 3360 δὲκαὶ
366 3289 580 3378 Ἀρίσταρχος
593 3292 734 3383 ἔγραφεν
756 3295 793 3362 ἐκ
811 3293 968 3385 πλήρους,
994 3292 1039 3374 ὡς
1052 3291 1201 3379 Δίδυμος
1213 3318 1298 3379 μοιρ-

125 3405 223 3484 τυρεῖ.
262 3409 298 3468 Ν
315 3412 376 3473 450
399 3399 582 3490 (ἐπίουρον)
608 3402 666 3470 καί
691 3399 903 3489 Ἀρίσταρχος
925 3401 962 3468 δὲ
983 3401 1101 3486 οὕτως,
1122 3399 1297 3486 ἐκδεχόμε-

124 3535 183 3589 νος
202 3509 259 3577 τὸν
286 3507 435 3600 φύλακα·
462 3508 628 3597 μέμνηται
657 3510 693 3577 δέ
720 3510 776 3578 καὶ
803 3507 993 3594 ὃΛίδυμος
1018 3516 1077 3600 τῆς
1104 3506 1298 3590 ἀποδόσεως

125 3617 181 3683 καί
199 3613 349 3708 Τρύφων.
382 3619 447 3686 Sed
467 3621 582 3686 iisdem
602 3623 667 3686 iam
690 3622 841 3687 subsidiis
863 3622 914 3686 usi
936 3625 1027 3686 erant
1049 3622 1104 3706 qui
1126 3627 1201 3688 ante
1223 3640 1297 3687 eum

126 3727 164 3791 de
179 3726 358 3792 Homericis
372 3728 566 3793 lectionibus
582 3729 831 3813 accentibusque
846 3730 1046 3813 scripserant
1063 3751 1144 3812 quos
1159 3729 1297 3816 diligen-

124 3834 245 3899 tissime
272 3835 447 3911 consuluit,
474 3841 511 3900 ut
537 3835 667 3922 Trypho
697 3834 787 3921 (περί
811 3839 869 3923 τῆς
896 3829 1037 3918 ἀρχαίας
1058 3828 1295 3922 ἀναγνώσεως),

124 3941 249 4021 Alexi0,
270 3942 476 4008 Ptolemaeus
499 3944 701 4024 Ascalonita,
723 3944 895 4030 Tyrannio.
936 3942 1042 4020 Quare
1064 3966 1298 4029 nonnunquam

124 4050 201 4114 satis
215 4049 314 4114 habet
329 4052 369 4114 ad
383 4050 443 4114 hos
463 4055 609 4117 auctores
631 4075 801 4118 recurrere.
837 4051 890 4118 Sic
907 4056 940 4114 N
955 4059 1011 4119 191
1025 4044 1182 4132 Ἀλεξίων
1197 4051 1297 4138 φησὶν
1309 4077 1341 4127 29

124 4152 176 4220 ὅτι
199 4150 409 4240 Ἀρίσταρχος
431 4152 475 4232 ὡς
496 4158 602 4244 σοφός
622 4157 862 4244 προηνέγκατο,
892 4181 934 4223 sc.
964 4181 1064 4243 χροος
1090 4161 1242 4241 (Ariston.
1265 4165 1298 4226 et

123 4263 195 4329 Did.
211 4264 416 4330 consentiunt
430 4265 465 4329 in
487 4267 671 4349 contrario),
696 4263 886 4351 Τυραννίων
909 4261 946 4331 δὲ
965 4260 1011 4344 ὡς
1032 4263 1147 4345 πόλος.
1184 4271 1221 4332 Ν
1232 4273 1292 4334 246
1306 4280 1360 4351 (34)

123 4366 140 4436 ὁ
160 4365 402 4459 Ἀσκαλωνίτης
424 4369 524 4461 φησὶν
545 4369 598 4438 ὅτι
613 4369 826 4459 Ἀρίσταρχος
848 4369 908 4440 δίο
930 4377 1033 4454 ποιεῖ,
1058 4369 1221 4458 θεράπων
1240 4370 1298 4438 καί
