3008 4980
226 345 265 405 70
312 337 345 389 Π.
374 335 415 389 De
434 333 612 389 Aristarchea
628 332 827 388 vocabulorum
844 331 1051 388 Homericorum
1064 327 1307 399 interpretatione.

225 503 426 589 grammatici
453 525 522 568 esse
551 502 608 567 sed
628 504 752 585 poetae.
791 500 844 564 Ad
864 501 1056 566 imitandum
1077 520 1152 563 vero
1174 496 1337 561 Homerus
1357 496 1398 560 iis

225 632 298 674 cum
317 609 388 674 aliis
409 610 514 695 poetis
529 609 640 673 multis
660 631 726 673 uno
750 608 926 692 eodemque
946 607 1019 672 loco
1040 610 1117 682 erat,
1138 605 1200 669 nisi
1223 604 1311 688 quod
1324 603 1398 669 Ho-

224 717 343 782 merica
357 721 389 781 et
404 717 444 781 ad
458 715 647 781 memoriam
660 715 878 797 promtissima
898 718 930 779 et
951 715 1056 779 omnis
1072 712 1266 779 Graecorum
1288 711 1398 796 poesis

224 824 428 908 perviscera
457 822 618 906 serpentia
644 821 741 886 etiam
767 821 854 886 ultro
881 820 1090 886 scribentium
1111 819 1220 884 stilum
1243 818 1399 882 subibant

226 931 366 1015 saepius:
388 929 477 997 velut
490 929 587 994 hodie
605 929 672 994 fere
693 929 749 1012 qui
770 928 915 995 scribunt
936 927 1047 1012 idyllia
1060 926 1228 992 Vossianis
1249 924 1398 990 frustulis

225 1041 390 1122 apparant.
432 1037 635 1120 Quamquam
655 1035 866 1100 Alexandrini
893 1035 973 1100 haee
997 1035 1068 1119 ipsa
1089 1033 1305 1098 declinassent
1327 1035 1399 1097 stu-

226 1145 356 1225 diosius
377 1145 439 1209 nisi
453 1145 487 1208 in
502 1142 721 1226 antiquiorum
742 1145 911 1226 poetarum
933 1141 1013 1206 locis
1034 1141 1086 1205 vel
1108 1140 1324 1224 exprimendis
1344 1140 1399 1206 vel

226 1252 453 1317 adumbrandis
469 1250 663 1317 Graecorum
678 1249 846 1334 ingenium
866 1249 963 1314 etiam
985 1248 1163 1333 antiquitus
1184 1247 1308 1332 aliquid
1330 1248 1399 1313 sive

226 1360 389 1424 doctrinae
416 1359 481 1423 sive
502 1357 670 1422 illecebrae
697 1356 954 1440 quaesivissetffl.
997 1355 1057 1420 His
1079 1355 1250 1419 momentis
1270 1359 1401 1420 constat

161 1463 214 1535 (83)
227 1488 338 1530 eorum
359 1465 509 1530 imitatio:
537 1466 679 1528 attamen
701 1463 751 1527 sui
771 1463 850 1527 iuris
872 1484 1011 1546 suaeque
1031 1462 1145 1527 aetatis
1171 1465 1203 1526 et
1223 1462 1400 1527 voluerunt

227 1594 295 1637 esse
318 1576 351 1637 et
372 1575 473 1636 erant.
523 1570 703 1635 Homericis
729 1568 895 1633 vocabulis
921 1569 974 1649 (ad
1003 1569 1083 1633 haec
1107 1572 1145 1633 ut
1165 1590 1216 1632 me
1238 1568 1399 1653 referam),

177 1691 209 1740 70
227 1679 400 1743 Homerica
420 1677 650 1742 vocabulorum
672 1676 905 1760 significatione
928 1679 960 1740 et
981 1679 1142 1740 structura
1163 1698 1229 1740 non
1251 1679 1399 1742 contenti

224 1786 398 1870 longorum
417 1784 618 1849 saeculomm
631 1787 890 1866 remotarumque
912 1783 1083 1868 regionum
1102 1783 1271 1849 thesauros
1293 1785 1399 1849 reclu-

226 1893 300 1956 dere
315 1895 348 1956 et
361 1891 424 1975 ipsi
438 1891 574 1955 condere
589 1911 673 1953 nova
688 1893 720 1953 et
735 1889 901 1955 deflectere
917 1893 949 1954 et
962 1890 1069 1954 laxare
1091 1891 1231 1974 antiqua,
1253 1895 1290 1955 ut
1312 1893 1399 1956 sicut

226 2002 299 2063 ante
321 1998 532 2084 gliscentibus
555 1997 714 2061 aetatibus
742 1997 861 2080 poetici
888 1996 1044 2062 sermonis
1066 1998 1146 2062 fines
1171 1998 1290 2082 prolati
1312 2004 1399 2080 sunt,

225 2106 304 2169 item
324 2127 382 2188 per
407 2105 468 2170 hos
489 2107 648 2169 extremos
670 2103 783 2170 Graeci
809 2105 957 2168 carminis
983 2104 1150 2169 molitores
1177 2104 1298 2170 factum
1328 2128 1398 2172 esse

224 2213 415 2277 inveniatur.
461 2211 526 2279 Sed
556 2212 607 2276 his
641 2215 673 2275 et
704 2211 853 2276 imitandi
879 2215 912 2276 et
939 2212 1079 2277 novandi
1103 2212 1260 2276 institutis
1286 2217 1399 2278 utrum

226 2320 404 2405 elegantiae
424 2319 632 2402 veritatisque
658 2341 692 2384 se
719 2319 837 2384 finibus
864 2318 1081 2383 continuerint
1106 2341 1148 2383 an
1178 2323 1301 2386 secreta
1328 2343 1398 2386 car·

292 2520 317 2560 4³
334 2517 455 2574 Boeclxh.
478 2520 568 2587 tragg.
592 2515 637 2571 Gr.
656 2533 678 2570 c.
696 2516 755 2571 XX.
775 2547 809 2557 -
826 2515 901 2582 Dixi,
925 2516 1052 2572 universe
1076 2517 1126 2573 hos
1148 2519 1245 2587 poetas
1267 2534 1324 2572 non
1341 2517 1398 2574 alio

225 2602 308 2657 modo
332 2600 457 2656 imitatos
479 2617 536 2655 esse
554 2600 706 2656 Homerum
729 2617 813 2668 quam
836 2600 903 2656 alios
921 2600 1108 2669 antiquorum.
1145 2601 1217 2655 Nam
1234 2601 1258 2656 si
1276 2602 1344 2671 quid
1363 2620 1397 2657 cx

227 2685 396 2740 carminibus
413 2685 572 2754 aequalium
584 2684 801 2750 transtulerunt,
819 2690 852 2741 ut
867 2686 928 2756 ipsc
946 2685 1085 2753 quaedam
1100 2684 1267 2756 Apollonius
1286 2686 1397 2741 1101111-

225 2771 324 2824 macho
344 2770 379 2841 (v.
393 2768 579 2824 Gerhardium
597 2772 627 2824 et
637 2768 775 2824 Naelrium
793 2769 827 2824 de
840 2769 963 2837 Hecale),
980 2768 1113 2838 Virgilius
1129 2770 1242 2825 honoris
1259 2788 1344 2826 eausa
1361 2773 1398 2828 ab

226 2854 305 2909 Gallo
324 2855 411 2926 (Voss.
429 2853 467 2907 ad
483 2853 576 2922 llclog.
589 2855 635 2925 II),
655 2853 684 2907 id
701 2853 847 2908 minusad
864 2871 922 2908 rem
939 2856 1063 2907 nostram
1080 2855 1210 2924 pertinet.
1239 2854 1292 2910 Illa
1309 2855 1398 2926 igitur

225 2938 347 2993 imitatio
365 2939 469 3009 duplex
488 2941 541 3004 est,
563 2954 620 2992 una
637 2937 745 3002 stricta,
769 2955 841 3007 quae
861 2937 946 2993 etiam
967 2937 1090 3006 integros
1112 2955 1206 2994 versus
1222 2941 1397 3008 transsumit;

226 3027 258 3078 ut
280 3023 330 3077 alii
352 3024 387 3077 ab
409 3024 537 3086 Homero,
564 3021 602 3076 sic
625 3021 790 3091 Apollonius
818 3039 852 3078 ex
873 3022 989 3077 Eumelo
1016 3024 1052 3091 (v.
1070 3022 1213 3079 Weichert
1235 3044 1262 3095 p.
1282 3030 1344 3092 206)
1368 3030 1398 3082 ct

226 3107 320 3162 Latini
336 3110 437 3177 poetae
459 3124 552 3160 versus
569 3104 718 3162 Ennianos.
751 3107 849 3163 Altera
871 3110 924 3171 est,
948 3123 1019 3175 quae
1040 3122 1158 3161 acumen
1181 3107 1395 3180 doctrinamque

227 3191 337 3260 quaerit
357 3192 387 3245 in
411 3189 560 3260 exemplari
579 3189 764 3258 deflectendo,
793 3209 851 3246 non
872 3194 904 3246 111
925 3191 1015 3246 lateat
1030 3189 1151 3246 imitatio
1173 3193 1222 3248 sed
1239 3196 1272 3248 nt
1288 3196 1395 3264 pateat,

228 3276 310 3345 quale
328 3278 370 3331 est
386 3275 457 3330 illud
475 3273 597 3344 Oppiani
614 3274 675 3331 Hal
692 3277 719 3330 Γ
735 3281 783 3331 147

161 3361 214 3432 (83)
765 3354 889 3416 τοῦνεκα
907 3364 990 3431 τῇσιν
1007 3353 1214 3431 ἐχαλκεύσανθ’
1233 3361 1331 3434 ἁλιῆες

375 3442 485 3499 καυλὸν
502 3433 547 3498 ἐπ’
568 3436 715 3517 ἀγκίστρῳ
734 3444 938 3515 δαλιχώτεραν,
956 3440 1067 3518 ἄρκος
1086 3437 1251 3500 ὀδόντων.

226 3525 278 3580 Oui
288 3525 384 3596 generi
401 3544 457 3581 non
474 3527 631 3596 putaverim
649 3528 775 3583 absimile
792 3528 883 3594 fuisse,
902 3531 978 3598 quod
989 3530 1139 3599 Aeschylus
1158 3529 1229 3585 dixit
1246 3529 1398 3602 ἠριγένεια

225 3610 326 3666 λέαινα
339 3611 431 3681 (Hes).
459 3611 565 3666 Similia
576 3613 714 3681 quaedam
731 3616 797 3667 sunt
807 3613 838 3667 in
854 3613 896 3679 iis,
914 3630 987 3683 quae
999 3614 1157 3670 Gerhardus
1169 3615 1309 3670 recensuit
1320 3634 1349 3685 p.
1364 3620 1397 3671 84

224 3711 284 3763 sqq.
309 3694 383 3751 Nam
400 3695 423 3752 si
441 3696 502 3765 quis
519 3713 569 3767 pro
587 3696 735 3752 Homerico
752 3693 847 3754 πάτον
864 3692 1033 3768 ἀνθρώπων
1051 3691 1191 3755 ἀλεείνων
1209 3698 1278 3755 dicit
1295 3701 1399 3771 τρίβον

225 3773 393 3848 ἀνθρώπων
410 3779 537 3838 ἀλεείνει
554 3785 591 3852 (p.
604 3784 657 3848 88),
674 3781 697 3836 is
715 3799 771 3838 non
785 3781 873 3838 celare
885 3784 981 3838 studet
999 3784 1193 3848 imitationem,
1211 3784 1260 3840 sed
1277 3783 1345 3837 dum
1356 3783 1397 3839 ita

226 3862 357 3933 exprimit
380 3865 533 3936 exemplar,
554 3870 587 3922 ut
603 3866 756 3920 necessario
775 3869 955 3936 agnoscatur,
979 3868 1061 3922 simul
1077 3885 1156 3923 suam
1173 3867 1316 3938 quandam
1332 3884 1396 3923 ven-

226 3946 300 4001 ditat
323 3948 440 4018 copiam.
479 3949 559 4016 Quod
580 3949 635 4004 illis
659 3950 741 4005 haud
758 3968 820 4005 raro
843 3951 981 4006 contrario
1007 3952 1116 4007 cessisse
1141 3954 1169 4007 et
1190 3969 1241 4023 pro
1265 3952 1397 4007 ubertate

226 4048 362 4102 apparere
379 4032 512 4104 inopiam,
530 4033 586 4088 imo
604 4035 746 4089 adamasse
764 4034 817 4089 hoc
836 4051 937 4104 genus,
962 4037 1036 4105 quod
1061 4039 1156 4091 tamen
1173 4053 1240 4106 prae
1258 4036 1337 4090 novis
1353 4037 1396 4090 in·

226 4117 317 4172 ventis
328 4117 438 4171 facilius
450 4118 499 4183 est,
518 4135 570 4174 nec
583 4119 676 4173 abnuo
689 4136 740 4173 nec
752 4120 909 4175 sententiae
926 4137 1005 4176 meae
1023 4122 1195 4176 adversatur.
1225 4120 1279 4175 Sed
1297 4121 1397 4175 eodem

227 4217 327 4271 genere
339 4199 504 4256 imitationis
517 4203 595 4256 extra
606 4201 754 4258 Homerica
771 4220 883 4272 quoque
900 4203 944 4258 usi
960 4208 1033 4272 sunt,
1050 4208 1083 4260 ut
1101 4223 1135 4260 cx
1152 4204 1246 4259 multis
1264 4204 1301 4258 ad
1313 4203 1396 4275 Apol-

226 4283 453 4439 lopilpgexepplpr
470 4285 566 4356 factis,
583 4304 654 4356 quae
673 4287 830 4342 (lethardus
848 4305 882 4343 ex
898 4288 1029 4359 Dionysio
1046 4288 1163 4358 aliisque
1180 4289 1337 4359 proposuit,
1355 4288 1396 4342 in·

228 4371 256 4424 te
280 4369 286 4380 ’
309 4386 353 4425 ere
383 4368 444 4425 ce.
