3008 4980
578 384 599 432 1.
623 378 664 432 De
682 377 862 436 athetasibus.
1245 385 1304 448 337

133 545 311 611 inclinabat
334 545 525 611 Zenodotus.
561 546 744 613 Aristoni
763 553 810 614 23.
832 553 880 615 24.
898 553 943 630 25
966 539 997 631 (ἡ
1024 543 1141 630 διπλῆ)
1165 540 1218 610 ὅτι
1240 550 1306 631 Zp-

133 645 273 728 νόδοτος
299 643 379 739 ἦρκε
404 651 481 730 τοὺς
507 648 636 732 στίχους
660 650 745 737 πρὸς
767 648 863 718 οὐδὲν
887 645 1081 736 ἀναγκαῖον,
1113 645 1186 716 ἀλλ’
1211 648 1306 716 ἕνεκα

132 767 195 826 τοῦ
223 751 292 825 κατ’
322 752 443 835 ἄλλους
469 752 595 838 τόπους
621 757 797 849 φέρεσθαι.
836 763 1018 836 τοιοῦτος
1047 754 1089 824 δέ
1116 755 1220 824 ἐστιν
1243 757 1309 824 ἐπὶ

133 869 210 931 τῶν
242 864 554 953 διφορουμὲνων.
599 873 630 932 Β
657 877 696 939 60
725 892 796 954 sqq.
849 871 1074 954 Agamemnon
1104 868 1139 931 in
1171 867 1306 934 consilio

133 976 334 1041 insomnium
350 998 444 1042 suum
456 977 571 1042 iisdem
588 979 694 1043 verbis
717 977 857 1063 exponit,
878 977 996 1061 quihus
1010 977 1148 1060 primum
1163 974 1308 1060 Iuppiter

135 1084 178 1147 ad
199 1082 371 1161 Somnum,
400 1084 473 1149 dein
495 1085 636 1151 Somnus
662 1087 703 1151 ad
724 1085 1004 1170 Agamemnonem
1025 1105 1102 1149 usus
1126 1086 1202 1148 erat.
1237 1082 1308 1148 Hoc

134 1190 209 1256 loco
236 1213 277 1256 ne
303 1193 399 1258 tertio
429 1192 541 1258 eadem
566 1197 789 1278 repeterentur
810 1195 920 1259 decem
940 1215 1050 1258 versus
1072 1192 1106 1255 in
1129 1190 1209 1256 duos
1232 1211 1308 1255 con·

134 1302 278 1364 traxerat
312 1301 350 1381 (v.
376 1299 519 1365 Ariston.
548 1305 580 1366 et
605 1301 697 1368 Hust.
727 1326 758 1387 p.
790 1305 871 1384 193),
923 1299 1067 1384 Opponit
1096 1298 1309 1363 Aristonicus:

134 1405 177 1469 τὰ
201 1403 238 1470 δὲ
259 1398 485 1490 ἂπαγγελτικὰ
515 1402 552 1487 ἐξ
571 1401 715 1494 ἀνάγκης
744 1406 793 1485 δὶς
818 1406 875 1473 καὶ
900 1404 969 1490 τρὶς
997 1400 1218 1471 ἀναπολεῖται
1236 1408 1310 1480 ταῖς

136 1505 254 1590 αὐταῖς
283 1508 398 1592 λέξεσι.
440 1511 496 1579 καὶ
528 1509 565 1580 οὔ
599 1513 824 1604 ὅυσωπητέον·
859 1508 1039 1599 ἀναγκαῖον
1064 1511 1126 1597 γὰρ
1159 1511 1216 1577 καὶ
1242 1514 1310 1589 τοῖς

137 1617 415 1708 συγκεκλημένοις
440 1622 633 1705 βουλευταῖς
655 1617 893 1711 διηγήσασθαι.
935 1622 1021 1687 Hinc
1042 1621 1254 1708 intelligimus
1276 1622 1310 1685 in

137 1730 298 1796 eiusmodi
318 1730 463 1796 versibus
484 1732 634 1797 notandis
648 1731 872 1797 Aristarchum
894 1752 991 1815 quam
1006 1729 1207 1797 Zenodotum
1227 1734 1310 1795 tem·

137 1838 356 1923 perantiorem
378 1839 585 1924 (quamquam
607 1863 648 1906 ne
669 1841 715 1905 ita
736 1840 955 1924 interpreteris
978 1837 1198 1903 Aristonicum
1219 1839 1310 1922 quasi

137 1945 222 2010 hanc
256 1949 375 2011 certam
405 1946 511 2032 legem
542 1946 692 2013 habuerit
718 1948 902 2014 Zenodotus
936 1950 973 2012 ut
1005 1945 1154 2011 nullum
1183 1968 1310 2011 versum

138 2053 267 2137 saepius
280 2053 488 2138 relinqueret3
511 2057 598 2141 quod
612 2077 679 2121 non
695 2061 744 2123 est
764 2057 830 2139 ita),
852 2059 885 2121 et
906 2054 1043 2120 maxime
1065 2054 1100 2117 in
1121 2054 1309 2120 nuntiorum
1322 2055 1392 2126 (358)

137 2159 272 2225 vocibus
294 2161 420 2247 saepius
440 2163 586 2248 repetitis
612 2164 743 2230 minime
772 2163 951 2230 offendisse.
994 2163 1148 2226 Attamen
1168 2162 1311 2227 Aristar-

140 2268 220 2333 chus
242 2291 371 2354 quoque
398 2270 552 2336 iudicavit
573 2272 759 2356 saepissime
780 2271 901 2337 factum
923 2292 992 2336 esse
1014 2269 1048 2333 in
1070 2267 1252 2336 Homericis
1275 2273 1312 2334 ut

139 2399 250 2442 versus
265 2399 329 2443 uno
344 2377 453 2462 aliquo
468 2378 541 2444 loco
555 2382 641 2444 recte
657 2383 690 2444 ct
710 2383 785 2463 apte
806 2378 905 2464 positi
926 2401 984 2463 per
1006 2400 1146 2443 errorem
1168 2378 1208 2443 ad
1231 2378 1311 2443 alios

139 2484 230 2550 locos
247 2484 304 2550 ubi
324 2486 431 2550 minus
453 2489 547 2571 aptus
569 2508 680 2553 corum
700 2487 790 2553 locus
812 2486 1076 2553 transferrentur:
1097 2485 1172 2551 inde
1194 2507 1312 2571 magna

140 2593 234 2677 copia
248 2592 393 2658 locorum
408 2594 560 2659 asterisco
583 2598 616 2660 et
637 2599 748 2660 contra
770 2594 864 2660 obelo
887 2598 920 2659 et
941 2594 1093 2660 asterisco
1115 2597 1310 2659 notatorum.

139 2699 213 2765 Hoc
243 2722 345 2786 genus
373 2702 630 2788 interpolationis
659 2703 798 2787 proclive
828 2725 897 2769 esse
919 2705 1066 2786 apparet:
1098 2705 1130 2766 et
1151 2705 1227 2766 sunt
1247 2701 1312 2767 loci

140 2806 332 2892 complures,
355 2809 472 2892 quibus
487 2809 533 2874 ita
546 2808 667 2875 factum
682 2833 751 2877 esse
773 2810 994 2877 certissimum.
1029 2810 1183 2876 Attamen
1204 2809 1310 2874 iudico
1424 2886 1427 2891 Ι

140 2915 175 2978 in
204 2915 265 2980 hac
294 2937 328 2980 re
357 2916 465 3000 ipsum
491 2939 620 3002 quoque
644 2919 867 2986 Aristarchum
893 2918 1020 3003 saepius
1052 2941 1150 3003 quam
1182 2939 1311 2983 necesse

141 3021 238 3088 obelo
252 3046 348 3089 usum
362 3046 440 3090 esse.
477 3024 540 3091 Sed
562 3049 636 3092 cave
657 3028 692 3091 in
712 3026 822 3093 multis
844 3026 938 3092 citius
959 3027 1092 3092 iudices.
1121 3026 1203 3091 Mihi
1226 3026 1312 3092 enim

141 3130 360 3215 compluribus
374 3130 454 3197 locis
469 3133 611 3199 accidere
625 3135 758 3200 memini
773 3139 810 3200 ut
830 3155 902 3200 cum
923 3135 1063 3221 primum
1084 3135 1225 3200 intuenti
1246 3156 1312 3198 non

141 3239 220 3305 satis
247 3241 429 3325 argumenti
456 3240 496 3306 ad
522 3241 652 3307 obelum
677 3243 864 3328 ponendum
891 3266 960 3309 esse
990 3243 1153 3309 videretur
1173 3242 1312 3326 denique

140 3369 208 3412 non
234 3368 362 3431 possem
387 3371 438 3414 me
466 3348 630 3414 continere
659 3349 737 3433 quin
764 3351 799 3414 in
820 3354 927 3436 partes
950 3351 1148 3435 argutissimi
1168 3351 1309 3415 hominis
1328 3360 1376 3410 343

142 3454 345 3522 discederem.
380 3454 502 3540 Siquis
517 3479 557 3522 ex
570 3457 687 3536 multis,
710 3458 766 3542 qui
780 3458 877 3524 hodie
892 3458 995 3524 multa
1008 3458 1161 3537 scribunt,
1183 3480 1313 3543 operam

141 3562 318 3646 susceperit
346 3563 385 3628 de
412 3564 557 3629 versibus
578 3563 759 3630 Homericis
786 3567 826 3631 ab
849 3566 1036 3631 Aristarcho
1069 3566 1163 3631 ohelo
1193 3566 1313 3631 notatis

142 3671 317 3754 quaerendi
337 3672 366 3736 is
387 3672 421 3735 in
442 3673 544 3756 prima
566 3674 686 3760 pagina
707 3670 787 3738 illud
804 3672 996 3750 Quintiliani
1013 3677 1127 3758 ponat:
1150 3673 1313 3753 „Modesto

141 3783 251 3844 tamen
266 3784 299 3845 et
313 3781 544 3865 circumspecto
558 3781 677 3846 iudicio
701 3780 739 3846 de
754 3781 854 3846 tantis
868 3781 944 3846 viris
960 3783 1236 3866 pronuntiandum
1258 3780 1326 3862 ests

142 3909 192 3966 ne,
214 3888 302 3973 quod
318 3888 479 3974 plerisque
498 3889 621 3969 accidit,
644 3888 798 3953 damnent
818 3911 900 3973 quae
920 3912 986 3955 non
1000 3890 1204 3976 intelligant‘
1219 3888 1261 3971 (X
1295 3892 1315 3971 ).

225 3995 265 4062 V.
306 3997 481 4080 Suspectus
511 3996 597 4062 visus
625 3995 789 4061 character
814 3996 996 4063 Hesiodeus
1023 3997 1100 4079 (iam
1126 3997 1315 4080 Zenodoto).

142 4104 170 4166 Σ
195 4109 245 4172 39.
281 4105 312 4167 Ω
335 4112 404 4173 614.
441 4128 458 4170 o
485 4112 533 4171 74.
574 4103 618 4168 Et
649 4104 736 4169 haud
766 4105 862 4170 dubie
889 4104 1016 4188 saepius
1045 4107 1083 4187 (e.
1112 4127 1142 4190 g.
1171 4110 1206 4168 X
1231 4109 1314 4188 495),

142 4212 199 4277 ubi
213 4234 299 4278 nunc
318 4212 381 4278 hoc
396 4215 621 4298 argumentum
643 4211 769 4276 excidit.
791 4247 831 4256 -
853 4210 937 4279 Sunt
959 4213 1057 4278 ctiam
1079 4235 1161 4298 quac
1184 4235 1223 4278 ex
1243 4213 1314 4297 ipso

141 4319 287 4385 Hesiodo
308 4320 343 4384 in
364 4320 542 4386 Homerum
563 4323 728 4398 venerunt,
750 4323 787 4384 ut
809 4319 839 4382 Ω
862 4327 902 4386 45
925 4311 1100 4383 theasium
1122 4315 1174 4384 ὅτι
1197 4315 1315 4384 ἐκτῶν

139 4421 301 4493 Ἡσιόδου
315 4422 547 4514 μετενήνεκται
560 4420 628 4494 ὑπό
639 4449 729 4504 τινος
745 4421 939 4509 νυμίσαντυς
954 4421 1122 4492 ἐλλείπειν
1135 4424 1193 4493 τὸν
1207 4420 1315 4511 λόγον.

192 4528 301 4583 hohas,
315 4530 446 4574 Aristum.
1074 4532 1105 4583 22
