3008 4980
580 342 603 393 1.
626 325 667 392 De
684 336 853 394 accentibus.
1244 348 1305 410 259

137 503 352 568 Athenienses
367 502 542 568 maluerint
561 509 728 588 praetereo
748 497 908 592 τραχυτής
928 510 962 571 et
983 498 1160 593 κουφοιής.
1194 506 1247 571 Ad
1268 529 1306 571 ea

138 633 219 695 quse
242 610 280 675 de
302 610 475 675 traditione
498 612 591 676 etde
613 634 709 678 sensu
730 612 859 680 Graecis
880 613 979 679 insito
1003 611 1153 692 diximus,
1174 613 1228 678 hic
1248 614 1305 678 ad'-

138 719 211 783 dere
232 739 375 798 necesse,
401 718 490 802 quod
510 740 586 784 sane
608 721 830 797 memorabile,
858 721 897 786 de
924 713 1116 802 οὐτάμενος,
1144 716 1307 806 βλήμενος

137 829 170 890 et
189 825 336 910 plurimis
358 847 441 909 quae
465 825 570 890 adhuc
591 828 824 909 recensuimus,
846 828 1032 894 Herodiano
1054 828 1233 893 Aristarchi
1254 850 1305 893 er-

137 936 292 1017 gumente
305 933 405 999 videri
419 935 533 1020 ignota
546 931 654 998 fuisse.
688 933 806 1002 Nonne
820 936 896 1001 inde
915 935 992 1000 licet
1014 934 1205 1001 concludere
1226 936 1307 1000 haec

136 1041 287 1124 pleraque
301 1041 487 1107 Aristarcho
510 1045 544 1106 et
563 1041 751 1126 aequalibus
772 1065 813 1108 ne
836 1042 1027 1110 dubitabilia
1048 1043 1180 1128 quidem
1198 1041 1306 1121 luisse,

137 1169 219 1231 quae
247 1153 280 1212 et
305 1149 500 1232 posteriores
528 1148 660 1233 regulae
681 1153 876 1216 scrutatores
898 1153 932 1215 et
952 1172 1013 1216 nos
1033 1149 1131 1215 hodie
1152 1149 1306 1214 mirantes

136 1255 189 1319 vix
210 1256 432 1339 assequimur?
452 1256 633 1321 Attendcnt
646 1257 726 1323 haec
739 1257 985 1344 ingeniosiores.
1021 1257 1240 1323 Memorabilis
1254 1279 1306 1322 res

137 1366 186 1427 est
200 1367 233 1426 et
247 1362 325 1427 olim
339 1362 476 1428 fortasse
496 1363 572 1429 huic
593 1365 640 1429 rei
661 1363 735 1448 plus
756 1365 836 1430 lucis
856 1364 999 1444 allatura,
1023 1386 1120 1450 quem
1141 1385 1228 1429 nunc
1249 1387 1307 1448 per

136 1490 195 1534 nos
217 1470 317 1536 licuit
351 1470 680 1556 <colomellam
703 1495 735 1557 p.
760 1477 817 1540 113
840 1473 905 1557 sq.)

219 1686 237 1769 ἕ
259 1693 287 1754 6.
330 1685 425 1764 Quod
450 1686 547 1753 modo
574 1686 640 1753 dixi
667 1687 824 1772 quaedam
850 1687 945 1753 certis
966 1686 1155 1772 regionibus
1175 1687 1307 1772 propria

136 1794 177 1859 ad
203 1793 439 1859 obscurandum
464 1817 574 1860 rerum
600 1799 768 1861 accentum
788 1795 892 1861 facere
914 1793 1073 1880 potuisse,
1100 1815 1140 1859 eo
1159 1816 1211 1859 me
1233 1794 1306 1860 duci

136 1901 241 1984 patiar
259 1901 301 1966 od
320 1901 538 1987 fragmentum
559 1903 600 1968 ab
623 1901 809 1969 Herodiano
832 1906 993 1968 servatum
1015 1904 1059 1964 M
1077 1906 1133 1980 20,
1156 1923 1220 1985 quo
1242 1900 1307 1966 alia

138 2009 295 2092 quaedam
315 2008 375 2088 lex,
397 2030 494 2093 quem
508 2010 714 2076 Aristarchus
735 2010 850 2088 tenuit,
873 2009 1080 2096 cognoscitur
1100 2008 1306 2094 prudensque

136 2115 330 2182 institutum.
368 2115 417 2183 Sc.
439 2117 618 2201 topicorum
640 2117 850 2184 dialectomm
871 2118 1084 2202 proprietates
1104 2116 1249 2184 exclusit.

219 2217 390 2310 Κόρησοςι
420 2218 608 2305 Τυραννίων
637 2217 747 2304 όξόνει
772 2222 812 2291 τὸ
839 2215 997 2311 Κόρησος
1022 2218 1068 2302 ὡς
1092 2217 1389 2307 Παρνασσόςήιιι)

138 2323 241 2407 οὕτως
267 2328 329 2416 γὰρ
360 2323 427 2395 ὑπὸ
455 2328 647 2418 Κυζικηνῶν
674 2324 906 2414 ὀνομάζεσθαι
934 2328 992 2398 τὸν
1017 2323 1182 2415 ποταμόν.
1224 2324 1255 2398 ὁ,
1271 2326 1309 2395 δὲ

133 2431 346 2523 Ἀρίσταρχος
370 2432 507 2524 βαρύνει
531 2430 578 2517 ὥς
602 2431 776 2523 Κάνωβος.
820 2431 959 2522 εἴπομεν
985 2435 1023 2505 δὲ
1043 2436 1079 2505 ἐν
1098 2435 1223 2522 ἑτέροις
1243 2433 1308 2505 ὅτι

138 2539 179 2612 σι’
217 2541 372 2624 πάντως
406 2543 617 2632 ἐπικρατεῖ
645 2539 668 2632 ή
700 2539 780 2612 ἀπὸ
812 2550 887 2613 τῶν
919 2543 1050 2612 ἐθνῶν
1074 2549 1214 2634 χρήσις
1240 2544 1309 2612 καί

137 2651 204 2720 ἐπί
227 2651 297 2742 τήν
320 2648 537 2742 Ὁμηρικήν
559 2647 795 2739 ἀνάγνωσιν,
825 2649 931 2722 ὁπότε
957 2653 1035 2740 περί
1059 2657 1120 2720 τοῦ
1138 2653 1308 2720 Γλισᾶντα

137 2766 179 2846 (Β
194 2767 266 2847 504)
289 2758 500 2846 όιελοίβομεν,
524 2756 592 2848 ε’ίγε
611 2755 793 2841 Διονόσιος
811 2757 936 2845 ἱστορεῖ
954 2761 1033 2841 τοὺς
1053 2757 1230 2848 ἐγχωρίους
1249 2781 1308 2827 συ-

136 2867 284 2937 στέλλειν
317 2868 354 2936 τὸ
387 2895 402 2936 ι
433 2868 490 2936 καί
518 2867 564 2956 μή
599 2871 776 2955 περισπᾶν.
820 2864 858 2934 τό
886 2893 922 2936 τε
948 2865 1130 2947 Λόκαστος
1160 2863 1178 2934 ὁ
1209 2863 1308 2946 αὐτὸς
1363 2896 1367 2905 ·

135 2973 260 3062 ἱστορεῖ
286 2971 469 3058 ὀξύνεσθαι
495 2973 592 3065 ήμῶν
622 2972 913 3064 ἀναγινωσκόντων
938 2973 1127 3062 βαρυτόνως
1153 2980 1196 3060 (Β
1224 2979 1307 3062 647).

137 3083 241 3163 οὕτως
268 3076 326 3151 οὖν
347 3080 437 3164 είκὸς
456 3085 514 3151 καί
535 3083 593 3152 ἐπὶ
612 3090 671 3153 τοῦ
691 3081 848 3173 Κόρησος
866 3083 912 3172 μή
937 3090 1122 3174 πεισθήναι
1141 3083 1200 3153 τὸν
1216 3077 1309 3170 ’Ληί-

136 3214 275 3279 σταρχον
290 3189 422 3277 ὁμοίως
440 3197 512 3272 τοῖς
532 3191 704 3280 ἐγχωρίοις
723 3190 996 3278 προενέγκασθαι
1015 3191 1076 3282 τήν
1096 3189 1195 3274 λέξιν.
1224 3185 1308 3272 τόχα

138 3299 174 3367 δὲ
204 3299 279 3367 ἐπεί
304 3297 392 3389 ἑώρα
416 3300 459 3368 τὰ
482 3296 531 3381 είς
555 3323 614 3380 σος
642 3297 786 3389 λήγοντα
810 3295 905 3383 ὑπὲρ
923 3294 984 3367 dria
1005 3298 1175 3385 συλλαβὰς
1195 3292 1307 3380 όξονό-

135 3432 219 3493 μονα
243 3413 291 3496 τῷ
316 3434 337 3497 η
361 3403 621 3497 παραληγόμενα
647 3405 759 3494 ἕτερον
784 3403 899 3490 ἔχοντα
921 3430 954 3488 o,
983 3412 1081 3475 τοῦτο
1109 3405 1146 3475 δὲ
1166 3400 1203 3474 ἓν
1224 3400 1306 3473 ἅνα-
1324 3420 1373 3478 268

137 3512 329 3600 δεξόμενον,
358 3515 417 3583 διὰ
443 3521 540 3584 τοῦτο
565 3515 623 3583 καί
645 3512 821 3604 ἐξήλλαξεν
839 3510 919 3583 αὐτὸ
940 3519 1001 3604 τής
1021 3511 1154 3583 ἐκείνων
1173 3507 1308 3600 τάσεως,

138 3619 173 3691 εί
191 3648 228 3711 γε
253 3623 292 3692 τὸ
314 3618 573 3712 Ἀλικαρνησσός
602 3622 718 3710 δισσὸν
745 3620 813 3706 ἔχει
832 3622 871 3690 τό
892 3645 929 3705 c,
951 3618 1192 3712 Λοκαβησσός,
1220 3627 1308 3709 Ταρ-

136 3725 265 3820 ιησσός.
298 3730 336 3798 τὸ
361 3729 477 3816 μέντοι
497 3728 653 3820 Κόρησος
680 3727 716 3799 ἓν
736 3727 802 3814 ἔχει
821 3731 860 3800 τὸ
883 3742 912 3799 σ’.
948 3726 1030 3810 ἴσως
1051 3723 1110 3798 οὖν
1132 3729 1190 3797 διὰ
1211 3733 1308 3796 τοῦτο
1393 3803 1395 3806 ⁴

138 3837 307 3927 ἐξηλλάγη.
348 3841 395 3909 cf.
423 3842 489 3910 soh.
515 3841 549 3908 V
573 3842 604 3906 h.
631 3841 652 3908 l.
674 3842 788 3908 Arcad.
814 3864 845 3926 p.
873 3847 923 3909 77.
970 3839 1063 3908 Ilust.
1088 3839 1121 3905 h.
1143 3840 1164 3909 l.
1185 3861 1216 3925 p.
1240 3845 1309 3922 890,
1387 3902 1389 3905 ,

138 3949 195 4032 qui
216 3948 419 4015 Herodianea
441 3949 571 4015 exhibet
592 3950 708 4016 omnia.

219 4057 272 4121 Ad
296 4078 348 4136 ea,
379 4063 462 4141 quae
489 4057 620 4143 egregie
648 4059 689 4122 ab
716 4056 902 4122 Herodiano
932 4055 1096 4139 disputata
1127 4058 1216 4132 sunt,
1245 4054 1308 4118 hoc

137 4167 264 4228 tantum
292 4165 456 4247 addamus,
487 4163 709 4229 Aristarchum
740 4165 775 4228 in
807 4162 959 4248 ponendo
990 4165 1123 4228 accentu
1153 4155 1310 4246 Κόρησος·

137 4271 282 4363 potuisse
304 4293 507 4336 communem
527 4293 620 4336 usum
643 4271 819 4337 consulere.
860 4268 977 4354 Neque
999 4271 1085 4335 enim
1104 4268 1167 4334 hoc
1189 4289 1308 4333 nomen
1400 4299 1403 4304 ·

139 4400 178 4443 er
203 4401 264 4444 usu
291 4379 457 4444 evanuisse
482 4382 615 4463 apparet
641 4401 680 4443 ex
705 4378 810 4446 Strab.
831 4378 852 4444 l.
873 4374 951 4442 XIII
976 4400 1007 4462 p.
1029 4384 1101 4506 415ῃ
1115 4376 1147 4461 (Ρ
1161 4375 1308 4459 602),-

1050 4480 1080 4530 ll
