3008 4980
596 351 621 402 2.
641 344 839 416 Mythologiee.
1242 350 1299 414 187

612 512 821 599 Sarpedon.

218 668 249 726 Z
269 670 327 732 199
349 658 380 749 (ἡ
403 661 520 750 διπλῆ)
543 659 595 729 ὅτι
621 655 700 728 καθ’
717 659 868 749 Ὅμηρον
887 658 1074 750 Σαρπηδὼν
1095 656 1169 739 υἱὸς
1187 655 1299 746 Εὐρώ-

135 794 201 858 αης
222 765 282 837 οὐκ
303 765 390 837 ἔστιν
411 764 484 837 οὐδ’
509 764 657 859 ἀδελφὸς
676 765 835 852 Μίνωος,
851 764 896 848 ὥς
917 765 950 837 oi
969 764 1134 858 νεώτεροι·
1160 767 1217 836 καὶ
1226 767 1300 873 (γὰρ

137 873 168 946 οἳ
188 874 301 963 χρόνοι
322 871 466 964 εὔδηλοι.

599 1001 829 1009 ————--—----

648 1145 789 1234 Scylla.

219 1296 308 1375 Quae
335 1297 402 1363 eius
425 1298 530 1384 figura
551 1299 593 1365 sit
614 1299 700 1385 apud
720 1298 899 1366 Homerum
920 1297 1098 1364 Aristarchi
1119 1295 1225 1362 verbis
1247 1316 1302 1359 ex·

136 1427 282 1492 pressum
303 1405 445 1471 invenies
467 1405 566 1472 schol.
589 1429 613 1489 μ
630 1412 678 1477 89.
712 1405 751 1472 ln
773 1428 846 1491 quo,
868 1409 904 1471 ut
918 1405 1010 1485 solet,
1030 1404 1111 1470 nihil
1132 1426 1170 1469 ex
1190 1422 1301 1467 reeen-

135 1512 272 1578 tioribus
294 1513 481 1594 admiscens,
502 1513 572 1580 sola
591 1518 706 1600 poetae
726 1515 825 1580 verbu
846 1517 974 1581 secutus
996 1516 1054 1578 est.
1090 1510 1137 1578 of.
1152 1511 1193 1576 ud
1206 1533 1235 1577 v.
1251 1513 1300 1576 86.

134 1618 259 1687 Nititur
273 1643 311 1686 eo
327 1621 479 1688 athetesis
494 1623 528 1699 in
546 1621 674 1689 scholiis
694 1622 835 1690 indicate
855 1646 884 1688 v.
908 1627 963 1691 86:
985 1621 1074 1687 ouius
1095 1623 1204 1686 tumen
1225 1638 1300 1683 eau-

136 1751 203 1795 sam
223 1750 290 1794 non
311 1728 480 1814 perspicio.
801 1744 804 1748 '

599 1869 833 1878 ——---——---

641 2031 795 2107 Sirenes
1312 2032 1383 2102 (¹9⁰)

136 2189 221 2273 apud
241 2189 418 2255 Homerum
445 2190 526 2256 dnae
555 2195 638 2257 sunt.
682 2193 719 2254 N
741 2196 781 2260 66
809 2186 840 2278 (ἡ
870 2187 987 2276 διπλῆ)
1009 2185 1095 2273 πρὸς
1118 2182 1157 2253 τὸ
1188 2179 1302 2249 δαϊκόν

135 2300 254 2383 σχῆμα·
276 2289 296 2382 ἡ
315 2292 351 2360 δὲ
367 2287 522 2382 ἀναφορὰ
537 2294 622 2382 πρὸς
638 2293 679 2362 τὰ
700 2295 778 2382 περὶ
797 2301 863 2362 τῶν
877 2292 1053 2386 Σειρήνων,
1078 2290 1197 2382 νηάων,
1221 2297 1302 2358 Σει-

135 2401 262 2492 ρήνοιιν
273 2403 317 2486 (h.
331 2427 357 2469 e.
371 2409 409 2470 ut
419 2404 500 2470 mihi
509 2404 731 2471 Lnehmunnus
745 2406 897 2473 indicavit
905 2400 1071 2493 Σειρήνων
1085 2396 1302 2469 servotum·

134 2512 168 2576 in
187 2514 278 2598 parte
299 2512 407 2598 spuria
429 2523 458 2599 ψ
478 2518 560 2593 326),
585 2506 637 2578 ὅτι
659 2509 677 2580 ὃ
698 2507 797 2597 λόγος
817 2504 862 2591 ὥς
882 2510 960 2598 περὶ
981 2504 1050 2577 δύο.
1086 2511 1157 2590 Qun
1176 2510 1301 2576 ratione

136 2620 176 2684 ad
198 2619 326 2686 Sirenas
349 2619 446 2686 delati
466 2625 602 2706 pereant
623 2621 786 2702 (dissentit
807 2622 847 2686 ab
868 2621 1097 2707 Aristophane)
1117 2642 1142 2700 μ
1163 2622 1212 2686 43.

799 2796 833 2803 .-

626 2922 812 3008 Sisyphus

135 3094 165 3134 v.
187 3093 283 3155 supro
304 3094 329 3140 s.
350 3067 522 3157 κέρδιστος
541 3097 572 3160 p.
600 3081 668 3141 117.

620 3375 824 3463 Telephus.

218 3519 288 3587 Neo
307 3523 341 3587 in
362 3523 498 3609 Mysiam
521 3527 633 3594 Graeci
655 3527 754 3594 delati
774 3550 834 3594 nee
854 3550 912 3612 per
933 3526 1112 3611 Telephum
1134 3526 1203 3592 viee
1225 3547 1306 3612 gnu-

139 3651 210 3695 rum
230 3628 361 3697 Troiam
389 3633 476 3699 ducti
506 3639 544 3701 ut
571 3636 657 3721 apud
678 3635 881 3702 recentiores.
925 3634 1047 3700 Ansam
1068 3634 1238 3720 fingendae
1258 3635 1308 3701 fn·

140 3735 236 3801 bulas
258 3737 346 3804 dedit
363 3763 473 3807 versus
494 3746 532 3807 A
554 3750 606 3823 59,
638 3765 702 3829 quo
724 3736 1068 3826 παλιμπλαγχθέντας
1087 3742 1307 3828 intelligerent
1325 3754 1372 3807 190

136 3844 270 3921 „iterum
292 3851 458 3916 errantes“.
493 3851 532 3914 A
551 3855 600 3920 59.
619 3858 668 3919 71.

604 4021 784 4030 ι--ο-η--η
787 4023 834 4030 -Ἀ

138 4168 346 4178 --—-—-

205 4247 261 4290 1¹⁰⁵
279 4247 382 4321 <‚,Ergo
399 4249 439 4305 sie
455 4249 513 4306 fere
530 4254 603 4307 erut:
628 4245 704 4323 πρὸς
720 4249 757 4308 τὰ
775 4253 843 4322 περὶ
860 4254 920 4306 τῶν
937 4251 1100 4322 Σειρήνων·
1126 4252 1308 4323 Σειρήνων

142 4321 301 4390 ἀδινοὶων.
335 4337 504 4406 Σειρήνοιιν
524 4335 569 4403 δέ,
594 4325 639 4392 ‘o'rr
661 4339 738 4392 κτλ.“
772 4334 863 4393 hehrs.
887 4351 931 4408 up.
953 4332 1158 4393 Triedlnender.
1186 4335 1305 4395 Ariston.

140 4436 167 4487 p.
189 4421 260 4488 215.)
