3008 4980
346 325 369 376 2.
396 319 510 388 Didymi
526 320 598 375 liber
614 321 649 374 de
666 320 819 376 Aristarchi
838 320 960 376 editione
977 321 1098 376 Homen'.
1269 327 1305 388 19

137 488 233 562 σθαι,
257 487 400 566 „videtur
413 487 466 551 hic
481 508 569 551 error
590 487 809 570 percrebuisse
830 510 888 571 per
908 488 1126 571 Dionysium.“
1155 488 1307 552 Attamen

137 587 302 658 δεδόσθαι
323 617 433 659 verum
448 595 517 661 erit.
559 595 719 678 Athenag.
739 594 837 679 legat.
850 618 881 678 p.
903 601 961 662 134
984 595 1064 680 <non
1080 594 1307 679 Athenagorae

136 704 213 764 sunt
234 723 316 784 quae
338 705 524 784 sequuntur,
546 702 602 765 sed
625 701 816 766 scholiastae
837 701 928 766 Pind.
948 701 1042 768 Nem.
1057 702 1086 766 X
1102 700 1176 785 150>
1194 693 1308 762 Ἡσίο·

137 806 195 883 δος
217 800 292 871 ούτε
309 802 432 893 Λήδας
453 800 528 871 ούτε
550 804 724 889 Νεμέσεως
746 804 865 872 δίδωσι
885 807 944 896 τήν
961 802 1107 894 Ἑλένην,
1135 800 1223 870 ἀλλὰ
1243 809 1309 869 θν-

137 910 258 997 γατέρα
284 907 440 978 Ὠκεανοῦ
465 911 522 978 καὶ
552 909 694 1000 Τηθύος.
740 916 834 982 Unde
858 917 1053 1002 intelligitur
1087 914 1187 980 sehol.
1216 913 1308 977 Pind.

136 1022 230 1107 Pyth.
259 1022 290 1087 V
315 1027 354 1090 93
382 1014 452 1086 άπὸ
485 1012 543 1087 σύν
572 1026 630 1110 τῆς
651 1020 765 1088 Πύλον
793 1023 853 1111 τήν
879 1018 1056 1111 Μεσσήνην
1077 1015 1240 1108 σημαίνει.
1277 1013 1308 1083 οἱ

135 1127 196 1212 γὰρ
223 1121 376 1212 νεώτεροι
402 1126 463 1217 τήν
490 1124 615 1209 Πύλον,
645 1119 683 1217 ής
708 1123 726 1212 ὁ
754 1127 889 1213 Νέστωρ
915 1125 1038 1218 ήγεῖτο,
1073 1122 1111 1195 ού
1148 1124 1225 1211 περὶ
1251 1123 1310 1213 τήν

140 1230 327 1322 Τριφολίαν
347 1240 405 1324 τῆς
423 1230 610 1320 Ἀρκαδίας,
638 1230 727 1303 alth
751 1236 828 1321 περὶ
854 1235 913 1326 τήν
940 1235 1116 1326 Μεσσήνην
1145 1229 1308 1300 διδόασιν.

138 1344 201 1410 Sed
226 1344 301 1419 nolo
328 1368 414 1410 nunc
441 1347 478 1410 de
509 1369 569 1410 usu
596 1346 692 1411 huius
717 1346 879 1428 vocabuli,
900 1348 956 1431 qui
986 1349 1025 1412 ab
1057 1346 1169 1410 eadem
1202 1343 1308 1408 radice
1322 1341 1375 1414 (22)

136 1455 333 1536 propagatus
359 1453 528 1536 multiplex
558 1458 590 1519 et
625 1455 730 1518 varius
767 1454 852 1539 apud
887 1454 1113 1538 grammaticos
1145 1451 1310 1535 reperitur,

136 1557 238 1622 fusius
265 1559 431 1644 explicare.
456 1561 532 1626 'Ad
558 1565 704 1626 nostrum
731 1569 839 1626 tamen
865 1561 973 1625 locum
997 1560 1223 1625 vindicandum
1249 1558 1311 1622 hoc

136 1687 256 1750 ponam
282 1665 474 1732 Herodiani:
502 1672 540 1730 Π
557 1675 617 1736 207
638 1671 759 1733 ταῦτα·
790 1665 846 1731 ἐπὶ
866 1666 927 1755 τήν
946 1690 988 1730 τα
1014 1665 1183 1750 συλλαβήν
1210 1659 1312 1744 ὀξεῖα·

137 1771 299 1861 έγκλιτική
328 1770 389 1857 γάρ
419 1770 507 1838 ἐστιν
536 1770 554 1862 ή
580 1773 634 1857 μέ,
662 1770 766 1838 ταῦτά
798 1768 831 1857 μ’
863 1769 1077 1859 ἀγειρόμενοι.
1123 1769 1225 1849 οὕτως
1255 1769 1312 1837 καὶ

133 1873 352 1963 Ἀρίσταρχος.
370 1874 394 1947 ’δ
415 1878 530 1963 μέντοι
546 1876 748 1970 Κρατήτειος
764 1875 919 1966 Ἑρμείας
938 1881 975 1947 τὸ
1002 1878 1072 1964 ἅμα
1094 1877 1182 1965 λέγει
1208 1877 1361 1964 lyaei-19

137 1991 230 2052 σθαι.
261 1983 345 2053 οὕτω
368 1985 405 2053 δὲ
428 1984 529 2053 διέσει
551 1987 608 2053 καί
631 1986 689 2052 διὰ
719 1992 775 2054 τοῦ
801 1994 828 2053 θ
848 1988 905 2080 τήν
925 1985 1070 2077 γραφήν,
1094 1982 1153 2054 σύν
1175 1984 1312 2068 έγονσαν

138 2090 250 2174 οὕτως.
294 2096 384 2182 Ergo
406 2101 492 2162 recte
516 2098 639 2162 dicetur
661 2092 875 2175 δΔιονύσιος
895 2093 1014 2182 ταύτην
1034 2094 1093 2184 τήν
1114 2093 1244 2183 γραφήν
1265 2091 1313 2161 δι’-

138 2203 239 2268 δαισιν
263 2200 308 2280 ὡς
331 2198 575 2288 Ἀριστάρχειον
601 2206 654 2271 vel
676 2199 693 2271 ὁ
717 2202 895 2282 Διονύσιος
920 2208 1017 2270 τοῦτο
1045 2199 1179 2269 δίδωσιν
1205 2199 1240 2267 ἒν
1266 2225 1312 2287 ap

138 2309 216 2394 περὶ
235 2307 437 2398 ποσοτήτων.
459 2351 499 2360 -
587 2352 590 2357 -

219 2412 306 2503 Παρ)
331 2409 351 2484 δ
378 2417 417 2505 δή
447 2416 504 2483 καὶ
524 2415 609 2483 κατά
634 2443 708 2484 τινα
734 2423 801 2485 τῶν
821 2415 1067 2506 ὑπομνημάτων
1087 2417 1313 2504 μετειλήφθαι

137 2523 175 2591 τὸ
204 2522 289 2609 μέγα
316 2519 388 2591 ἀντὶ
413 2529 473 2590 τοῦ
498 2521 658 2610 μεγάλως.
702 2528 774 2593 Hoc
801 2530 917 2593 mirum
944 2533 1003 2593 est:
1037 2531 1201 2612 exspectes
1229 2526 1314 2590 enim

139 2633 440 2722 ...μετειλήφθαι
461 2632 499 2700 τὸ
524 2632 611 2717 μέγα
634 2628 680 2710 εἰς
700 2633 737 2701 τὸ
759 2629 912 2718 μεγάλως
933 2636 985 2701 vel
1005 2658 1039 2715 μ.
1060 2629 1133 2699 άντὶ
1149 2637 1208 2697 τοῦ
1229 2630 1314 2716 μέγα

138 2738 176 2805 τὸ
196 2736 359 2825 μεγάλως.
406 2741 471 2808 Sed
497 2745 535 2808 de
562 2744 625 2808 hoc
647 2744 756 2808 stetim
778 2744 894 2808 dicam:
920 2745 1068 2827 primum,
1094 2766 1135 2808 ne
1158 2742 1230 2826 quis
1251 2741 1312 2805 flu·

140 2854 236 2928 ctuet,
259 2852 398 2916 monebo
417 2848 556 2914 enadad
572 2846 794 2939 ὑπομνήματα
809 2873 880 2917 non¹
898 2873 967 2916 esse
987 2851 1050 2915 nisi
1067 2851 1126 2932 „in
1149 2872 1312 2914 commen-

140 2959 257 3022 tariis.“
299 2961 438 3024 Ariston.
463 2963 536 3026 Aa
562 2952 623 3022 οὐκ
648 2955 712 3041 άρα
739 2951 921 3043 γεγάμηται
945 2951 999 3042 tp'
1024 2951 1237 3038 Ἡρακλέους,
1267 2950 1313 3032 ὡς

141 3060 175 3127 ἐν
200 3068 269 3141 τοῖς
293 3064 378 3130 κατὰ
403 3064 465 3150 τὴν
490 3063 620 3131 νέκυιαν
646 3058 876 3152 ήθετημένοις.
923 3065 1080 3150 Didymus
1111 3068 1143 3128 Δ
1165 3071 1183 3132 3
1211 3060 1312 3149 ἐῳνο-

138 3167 227 3249 χόει·.·
256 3165 324 3236 κατ’
348 3168 422 3238 ἔνια
443 3176 509 3237 τῶν
528 3168 775 3259 ὑπομνημάτων
802 3169 977 3258 ἐνῳνοχόει
1004 3169 1150 3260 φέρεται.
1193 3173 1252 3254 (Of.
1276 3177 1315 3235 H

142 3287 170 3347 6.
192 3284 274 3363 452.)
313 3281 499 3346 Promiscue
520 3283 623 3347 utitur
645 3278 679 3344 έν
700 3283 770 3358 τοῖς
790 3274 1009 3369 ὑπομνήμασι
1032 3287 1065 3346 et
1087 3278 1143 3344 διὰ
1166 3283 1232 3343 τῶν
1258 3277 1313 3347 ὑπ.

142 3391 174 3450 et
211 3382 304 3451 κατά.
362 3389 426 3455 Sed
461 3391 526 3454 iam
562 3390 600 3455 de
635 3389 793 3466 vocabulo
829 3381 1100 3471 μεταλαμβάνειν
1136 3389 1314 3453 dicendum.

144 3489 433 3578 Μεταλαμβάνειν,
458 3497 545 3582 quod
559 3498 644 3582 apud
659 3498 810 3581 antiquos
833 3502 882 3562 est
895 3500 1127 3576 „commutare“
1146 3503 1186 3575 (v.
1201 3495 1317 3562 Graser

142 3625 224 3687 spec.
246 3602 370 3668 Platon.
392 3628 422 3689 p.
445 3609 511 3688 86),
536 3604 621 3688 apud
648 3605 874 3689 grammaticos
896 3608 945 3668 est
966 3603 1046 3683 „alio
1073 3606 1170 3668 modo
1194 3603 1316 3668 dicerer

141 3708 192 3773 vel
210 3733 307 3793 parva
320 3710 384 3776 loci
398 3711 681 3776 mutationefacta
701 3715 738 3775 ut
759 3711 841 3775 alius
863 3733 975 3776 sensus
999 3711 1120 3790 evadat,
1141 3711 1160 3774 i.
1183 3735 1208 3776 e.
1229 3734 1315 3794 παρ-

142 3815 254 3900 ιμδεῖν,
281 3823 319 3882 ut
345 3819 463 3883 Athen.
485 3818 563 3884 VIH
585 3817 661 3887 336f
682 3822 826 3903 κρεῖττον
848 3802 880 3881 δ’
905 3808 1043 3897 διεῖχε,
1067 3814 1166 3904 φησὶν
1188 3810 1206 3884 δ
1228 3813 1317 3900 Χρύ-

142 3944 284 4009 σιππος,
311 3918 341 3988 εὶ
361 3921 557 4013 μετελήφθη
583 3925 624 3990 τὰ
658 3923 714 3991 έπὶ
738 3929 798 3990 τοῦ
825 3920 1118 4009 Σαρδαναπάλλου
1146 3921 1249 4001 οὕτως
1276 3963 1317 3973 -

141 4031 192 4096 vel
221 4033 310 4111 „aliis
336 4035 443 4098 verbis
471 4035 592 4099 dicere“
622 4038 659 4099 ut
682 4036 769 4099 idem
798 4056 910 4099 sensus
936 4038 1077 4112 maneat,
1105 4038 1143 4097 ut
1167 4032 1316 4118 Apollon.

142 4144 222 4223 synt.
261 4147 333 4221 152,
372 4147 408 4208 13
444 4140 554 4225 παρὸν
586 4133 642 4206 οὖν
679 4136 786 4230 φάναι
824 4140 936 4224 ,,πρὸς
968 4144 1041 4217 ταῖς
1071 4137 1167 4222 ἐμαῖς
1196 4135 1319 4221 θύραις

99 4275 102 4281 ·
142 4241 287 4328 έστηκα“
308 4246 365 4313 καὶ
385 4247 586 4332 μεταλαβεῖν
607 4246 718 4334 ,,πρὸς
737 4251 811 4326 ταῖς
832 4247 954 4334 θύραις
975 4272 1040 4330 μου
1063 4244 1217 4335 έστηκα.“
1256 4248 1318 4312 Hic

142 4378 219 4419 usus
245 4355 532 4440 frequentissimus,
578 4358 716 4424 Ponitur
740 4360 792 4424 vel
821 4361 890 4424 sine
916 4359 1164 4443 praepositione,
1185 4360 1221 4420 ut
1239 4357 1318 4422 locis

1075 4459 1109 4511 2*
