3008 4980
218 295 279 359 314
663 291 711 347 IV.
734 291 775 347 De
794 289 931 361 prosodia.

216 455 301 521 Aelii
321 444 469 541 Dionysii
491 480 586 541 opere
613 459 745 524 minime
768 459 889 524 alienas
910 457 1010 523 videri
1031 459 1194 541 oportere,
1222 456 1372 543 intelliges

217 585 256 627 ex
276 562 369 628 Enst.
387 586 418 647 p.
443 569 530 644 1387,
552 566 637 634 9²²⁸.
660 574 749 646 1417,
770 565 875 633 21229.

297 670 343 735 Et
358 669 542 737 Herodiano
562 674 709 740 universe
732 674 861 759 quidem
878 672 940 737 hoo
957 695 1024 737 non
1046 672 1319 739 contemnendum
1335 672 1375 737 ri·

218 777 352 842 debatur
375 783 595 863 praeceptum,
626 786 658 846 et
689 781 806 859 tenuit,
840 783 877 846 ut
903 783 1037 864 apparet
1065 802 1104 845 ex
1132 779 1234 845 schol.
1263 782 1303 843 H
1326 785 1374 847 167

216 879 385 965 ψιλωτέον
404 883 443 949 τὸ
465 878 654 968 Εὐαίμονος
671 880 722 964 ἐἷς
743 881 902 973 ἰδιότητα.
931 882 1128 973 προείρηται
1150 882 1190 951 de'
1209 889 1306 971 (quae
1318 887 1378 972 ipsa

215 992 393 1057 Herodiani
407 995 504 1059 verba
518 1017 587 1060 1111
606 996 657 1061 vel
677 995 799 1061 locutio
822 988 871 1072 εἰς
891 986 1042 1079 ἰδιότητα
1061 994 1193 1077 indicat,
1214 1017 1312 1078 quam
1329 993 1377 1059 ille

216 1099 249 1162 in
270 1099 330 1164 1111
351 1122 386 1165 11
406 1100 602 1187 frequentat)
626 1107 658 1168 11
683 1103 852 1173 0705130.
889 1102 954 1169 Sed
977 1102 1160 1167 observavit
1181 1105 1295 1168 eontra
1307 1101 1378 1166 Pto·

215 1204 373 1272 lernaeum
400 1230 471 1273 cum
497 1211 531 1274 in
554 1210 624 1276 aliis
652 1215 721 1276 tum
748 1211 782 1275 in
804 1215 972 1295 utramque
993 1212 1119 1294 partem
1140 1209 1176 1274 in
1198 1209 1379 1294 compositis

134 1314 289 1385 (33211111
309 1313 415 1392 ἵππος
436 1317 477 1398 (v.
498 1315 779 1402 11111151)
804 1318 958 1403 quasdam
981 1337 1144 1400 emergere
1167 1317 1379 1402 exceptiones:

216 1421 261 1487 sio
288 1414 473 1500 λεύκιππος
500 1428 534 1490 11
560 1425 677 1490 similia
708 1426 864 1491 adiectiva
889 1423 1084 1510 aspiratione
1110 1445 1218 1490 carere
1244 1424 1377 1501 videbat,

209 1521 382 1616 ’Ἔφιππος
403 1534 523 1598 eontra.
551 1530 715 1599 11111111.
735 1556 766 1618 p.
788 1539 862 1614 524,
882 1539 922 1600 25
940 1525 1150 1623 Ἡρωδιανὸς
1171 1525 1210 1595 δὲ
1229 1527 1380 1612 περὶτοῦ

216 1628 261 1713 ὡς
288 1632 409 1724 ἒρῥέθη
435 1635 520 1703 κατὰ
545 1636 583 1706 τὸ
609 1635 783 1705 Φίλιππον
811 1640 1060 1722 πνεοματισμού
1089 1631 1215 1724 νοήσας
1241 1629 1380 1722 ἑτεροῖόν

150 1751 198 1804 319
215 1739 248 1807 τί
270 1764 382 1833 φησιν,
406 1740 457 1811 ὅτι
476 1741 648 1824 Φίλιππος
662 1743 722 1830 μὲν
742 1744 780 1813 τὸ
802 1741 916 1829 κύριον
936 1739 1086 1826 ἀξιοῦσιν
1108 1739 1140 1811 oi
1162 1741 1383 1833 γραμματικοὶ

216 1852 327 1936 ψιλῶς
346 1849 516 1937 λέγεσθαι,
538 1851 666 1932 δασέως
687 1851 723 1920 δὲ
743 1852 782 1921 τὸ
802 1849 978 1932 ἐπίθετον,
1004 1845 1207 1937 ἀγνοοῦντες,
1232 1848 1286 1919 ὅτι
1304 1846 1379 1918 καθ’

215 1953 251 2024 ἓν
270 1952 409 2044 ἑκάτερα
435 1955 592 2026 δύνανται
616 1952 711 2028 εἶναι.
759 1958 816 2027 καὶ
842 1958 903 2046 γὰρ
930 1953 1116 2038 λεύκιππος
1138 1955 1272 2045 λέγεται
1293 1957 1381 2044 παρὰ

215 2063 402 2156 Στησιχόρῳ
418 2065 634 2147 ἒπεθετικῶς·
653 2064 740 2135 ἀλλὰ
755 2067 812 2135 καί
826 2063 1031 2146 Λεύκιππος
1044 2060 1246 2150 ὀνομάζεται
1261 2061 1383 2151 ὁμοίως

217 2169 234 2240 ὁ
261 2170 389 2263 Φοίβης
409 2175 466 2242 καὶ
484 2170 654 2262 Ἐλαείρας
674 2170 793 2262 πατήρ.
839 2173 937 2243 ὥστε
965 2174 1084 2264 ψιλοῖ
1105 2168 1224 2252 αὐτὸς
1243 2171 1285 2241 ἐν
1306 2169 1383 2259 ἆμ-

217 2285 309 2367 φοῖν
334 2277 491 2351 τούτοιν
514 2287 574 2351 τοῦ
600 2284 706 2362 ἵππος
731 2282 791 2370 τὴν
819 2279 997 2367 ἄρχουσαν,
1025 2282 1093 2348 καὶ
1119 2276 1189 2349 οὐκ
1213 2279 1254 2347 ἐκ
1280 2277 1382 2368 μόνην

215 2392 268 2474 τῷ
289 2387 417 2478 κυρίην.
467 2395 556 2461 Η111
583 2394 698 2461 ultima
728 2416 794 2459 non
824 2396 971 2458 11111111
999 2392 1168 2458 tradidisse
1193 2391 1382 2457 Eustatlrius

216 2500 393 2566 censendus
419 2507 477 2570 est.
524 2501 609 2569 Nam
635 2502 762 2586 scripsit
791 2505 899 2567 tamen
925 2499 1129 2567 Herodianus
1156 2493 1383 2563 Μελάνιππον

220 2608 249 2671 Θ
266 2613 327 2677 276
349 2632 422 2676 cum
440 2611 515 2677 leni.
551 2610 700 2677 Ceterum
721 2610 826 2675 facere
847 2612 984 2693 possunt
1004 2609 1045 2673 ad
1066 2607 1245 2692 supplenda
1268 2629 1307 2672 ea
1319 2605 1383 2671 He·

215 2716 378 2798 rodianea‚
407 2741 488 2804 quae
515 2718 671 2784 habemus
693 2718 722 2779 E
741 2723 796 2793 76,
823 2717 880 2781 ubi
900 2716 1006 2781 verbis
1026 2717 1091 2779 iarn
1113 2735 1210 2798 supra
1232 2713 1382 2779 adhibitis

216 2816 483 2912 ,,Εὖαιμονίδης.·
499 2826 600 2914 ψιλοὶ
613 2818 632 2890 ὁ
643 2818 895 2911 Ἀσκαλωνίτης,
913 2822 967 2887 ἵνα
983 2816 1096 2904 κύριον
1111 2817 1256 2907 γένηται,
1273 2816 1382 2902 ὥσπερ

216 2930 272 2996 καὶ
293 2930 331 2999 τὸ
358 2928 532 3010 Φίλιππος
554 2930 610 2997 καὶ
630 2931 667 2998 τὸ
684 2926 938 3008 Μελάνιππος(
959 2931 1038 2997 haec
1059 2952 1184 2996 annexa
1205 2932 1297 2995 sunt:
1318 2922 1384 2994 ἔστι

214 3035 275 3122 μὲν
290 3032 347 3107 οὖν
362 3030 383 3108 8
398 3037 486 3126 λέγει
501 3035 666 3106 πιθανόν·
687 3038 745 3106 διὰ
763 3042 862 3106 τοῦτο
878 3041 956 3123 γοῦν
970 3035 1027 3102 καὶ
1046 3035 1086 3103 τὸ
1107 3027 1280 3118 πολύμνια
1302 3036 1382 3119 (vido

216 3197 423 3208 -——.-.—..

281 3276 320 3320 111
338 3279 488 3350 ,χαίρουσι
505 3277 570 3347 γάρ,
588 3292 667 3347 φησι,
685 3279 722 3344 τῇ
737 3272 840 3349 daseia
858 3271 887 3330 ολ
905 3264 1053 3328 terreor.

282 3361 320 3402 22⁹
337 3355 436 3427 Αἴλιος
451 3363 528 3430 ΙΙγοῦν
545 3352 698 3424 Διονύσιός
719 3375 807 3429 φησιν
825 3348 910 3428 ,ἦδος
926 3351 961 3412 τὸ
979 3353 1048 3422 ὅξος
1064 3355 1241 3413 δασύνονσιν
1258 3351 1382 3414 Ἀττικοὶ

216 3445 266 3499 καὶ
283 3446 378 3501 πάντα
396 3444 432 3502 τὰ
449 3450 588 3502 τοιαῦτα“
607 3449 658 3501 111.

281 3530 320 3572 2³⁰
339 3521 483 3586 oixvdloo:
502 3527 651 3600 ἐψίλωσαν
662 3522 697 3585 τὸ
710 3547 735 3594 α,
753 3529 932 3599 παραγωγὴν
943 3525 1098 3594 δεξάμενοι
1110 3528 1160 3580 καὶ
1177 3522 1212 3582 οὒ
1232 3517 1383 3580 σύνθεσιν·

216 3614 266 3667 καὶ
277 3605 398 3685 ούτωςῆ
417 3609 579 3686 παράδοσις
595 3609 726 3683 ἐπείσθη.
754 3613 804 3666 καὶ
819 3605 892 3682 τάχα
909 3609 973 3667 ἐπεὶ
990 3607 1080 3678 μηδὲν
1097 3603 1167 3664 ἄλλο
1185 3602 1203 3679 ἢ
1218 3603 1255 3665 τὸ
1274 3601 1335 3665 rixis
1351 3605 1384 3664 ἐκ

216 3706 267 3765 τῆς
283 3698 392 3762 λέξεως
408 3700 587 3768 σημαίνεται.
616 3696 735 3768 (Poteris
751 3698 807 3752 fere
819 3696 858 3750 sio
875 3696 945 3751 haee
961 3693 1072 3765 plenius
1088 3692 1207 3749 seribere
1227 3711 1263 3749 ex
1273 3693 1384 3763 Erymo

129 3848 132 3853 ι
216 3779 306 3849 logico
324 3800 344 3836 1,
364 3775 506 3850 ω’κοάλου,
524 3783 558 3838 da
577 3801 632 3852 quo
649 3782 877 3853 supradiximus:
895 3810 929 3820 -
947 3776 1128 3848 σημαίνὲται,
1143 3789 1195 3848 τῆς
1205 3773 1279 3843 ἁλὸς
1295 3794 1385 3850 παρα-

216 3867 315 3935 γωγὴν
331 3855 455 3934 ἡγοῦντο
473 3865 549 3923 κατὰ
565 3871 715 3937 παρολκὴν
731 3865 884 3935 κειμένης.)
916 3853 934 3934 ἦ
952 3863 986 3919 δὲ
1007 3852 1077 3926 dade
1100 3865 1200 3932 γενικὴ
1217 3858 1251 3918 ἐν
1267 3866 1306 3933 τῇ
1322 3879 1384 3917 συν·

216 3946 301 4004 θέσει
318 3945 366 4004 ἐπὶ
383 3948 438 4016 μὲν
453 3952 563 4023 κυρίων
579 3944 668 4022 ψιλὸν
685 3950 868 4022 ἀποφέρεται
885 3942 921 4005 τὸ
932 3951 1054 4015 πνεῦμα,
1070 3942 1221 4016 Εὐρύαλος
1232 3939 1386 4016 Ἀμφίαλος

214 4026 376 4098 Ἀστύαλος,
394 4031 443 4089 ἐπὶ
455 4033 487 4090 δὲ
499 4032 679 4092 ἐπιθετικῶν
690 4027 725 4090 τὸ
738 4031 814 4090 ἴδιον
826 4039 912 4104 τηρεῖ
926 4035 1048 4100 πνεῦμα,
1067 4032 1187 4095 ,πολλοὶ
1204 4026 1237 4086 ἐν
1250 4022 1384 4101 appiano

216 4113 331 4188 Ἰθάκη“
353 4118 414 4188 (Od.
434 4137 452 4173 α
470 4119 538 4189 391),
563 4111 718 4189 ,οἷγχίὰλύν
739 4109 765 4172 τ’
780 4113 942 4190 Ἂντρῶναί*
961 4117 1002 4185 (Π.
1020 4119 1045 4170 Β
1063 4115 1137 4184 697),
1158 4107 1278 4185 ὕφαλος.
1311 4103 1384 4168 ὥστε

217 4205 267 4259 καὶ
284 4201 360 4259 κατὰ
377 4206 465 4257 τοῦτο
483 4202 632 4272 ἐλέγχεται
650 4197 685 4259 τὸ
704 4194 835 4265 ὠκύαλος
851 4196 1038 4272 ψιλούμενον.
1051 4231 1085 4240 -
1099 4202 1122 4254 θ
1134 4203 1182 4253 276
1200 4199 1250 4254 καί
1261 4198 1384 4253 Πολυαι-

215 4290 338 4356 μονίδην
350 4278 512 4354 Ἀμοπάονα
529 4288 579 4341 καί
591 4282 797 4342 Μελάνιππον.·
815 4287 964 4356 ψιλωτὲον
977 4278 1079 4349 πάντα,
1096 4278 1146 4338 ἵνα
1163 4274 1252 4352 κύρια
1268 4281 1383 4351 γένηται

218 4374 256 4441 (v.
274 4373 367 4429 Lohrs.
385 4371 486 4428 Herod.
505 4389 532 4441 p.
551 4373 623 4440 227).
