3008 4980
264 361 289 416 4.
317 354 359 412 De
375 355 571 426 grammaticis,
588 355 637 424 qui
655 351 822 411 ἐνστατινοί
838 358 868 412 et
883 353 1000 411 λυτικοί
1015 354 1083 411 dicti
1099 357 1171 410 sunt.
1240 359 1300 424 203

134 524 211 590 Non
232 524 372 589 concedo
393 522 514 588 Wolfio
538 525 584 608 (p.
608 523 749 608 GXOH>,
770 525 905 607 „quibus
925 525 1130 608 potissimum
1151 523 1185 586 in
1205 523 1302 587 rebus

135 632 313 696 Homerum
341 631 497 695 allatrarit
518 630 639 709 Zoilus,
667 653 781 716 parum
804 634 976 696 constaret
1021 630 1188 696 Mendacio
1209 629 1302 693 fabu-

138 738 244 803 larum
264 739 298 802 in
322 737 552 803 declamatione
574 738 724 804 adversus
749 742 879 823 poetam
905 739 1083 823 composita
1102 736 1302 802 ludificatum

136 868 205 911 esse
227 868 323 929 supra
344 845 496 910 constitit.
535 843 650 921 Qualia
670 867 745 910 vero
767 846 801 909 in
823 867 938 910 novem
958 844 1039 910 istos
1052 844 1152 909 libros
1167 864 1302 927 conges-

136 954 214 1018 serit
242 951 390 1028 ridicula,
415 973 456 1015 ne
482 950 546 1016 hoc
567 951 696 1035 quidem
717 952 805 1018 latet.
841 952 964 1016 Partim
990 953 1076 1016 enim
1102 952 1301 1029 excitaverat,

137 1082 218 1143 quae
247 1060 282 1123 in
310 1058 454 1124 Deorum
484 1057 685 1142 heroumque
715 1060 873 1138 moribus,
909 1059 1027 1144 partim
1058 1081 1140 1143 quae
1168 1059 1202 1123 in
1232 1054 1383 1125 artel208)

135 1171 265 1252 poetae,
294 1167 411 1250 partim
440 1188 520 1249 quae
551 1165 585 1230 in
613 1166 757 1232 oratione
785 1167 854 1232 eius
875 1167 961 1250 carpi
982 1169 1124 1251 possent.
1166 1164 1302 1251 Singula

136 1274 321 1360 fragmenta
341 1273 449 1358 primi,
473 1272 619 1353 secundi,
640 1273 728 1338 tertii
749 1274 876 1358 generis
896 1274 1079 1340 recensebo
1119 1273 1303 1358 Apollinem

134 1380 337 1466 vituperavit,
360 1380 446 1464 quod
462 1380 585 1444 dicatur
598 1379 727 1465 sagittis
739 1380 844 1446 mulos
858 1380 997 1465 primum
1015 1384 1048 1445 et
1061 1401 1156 1446 canes
1171 1381 1302 1445 adortus

136 1510 219 1554 esse:
250 1488 341 1572 quasi
368 1508 442 1553 vero
464 1490 531 1551 tam
551 1486 758 1552 vehementer
777 1487 872 1552 irasci
893 1488 1005 1553 deceat
1022 1487 1140 1566 Deum,
1162 1493 1261 1551 utne
1283 1509 1302 1550 a

134 1596 247 1661 bestiis
272 1595 401 1679 quidem
428 1593 602 1675 abstineat,
625 1593 784 1660 Heraclid.
807 1595 901 1681 alleg.
922 1595 1016 1663 Hom.
1038 1617 1063 1661 c.
1087 1603 1135 1664 14.
1176 1593 1215 1659 In
1236 1593 1302 1673 illo,

136 1703 224 1787 quod
239 1701 384 1768 Achilles
402 1701 480 1766 dicit
502 1705 520 1763 Ι
532 1706 592 1770 203
616 1696 795 1784 ζωρότερον
819 1698 855 1766 δὲ
876 1697 1019 1784 κέραιρε,
1045 1703 1131 1787 quod
1154 1701 1302 1785 deinceps

135 1811 277 1876 exercuit
289 1809 456 1894 plurimos,
471 1807 601 1873 Pelidae
616 1809 821 1874 bibaoitatem
837 1809 1075 1894 perstrinxerat,
1088 1808 1171 1876 Plut.
1181 1812 1302 1893 quaest.

135 1939 225 1982 conv.
251 1916 282 1982 V
307 1924 340 1997 4,
362 1922 390 1983 2.
430 1914 626 1981 Immensum
653 1916 795 1982 eiusdem
820 1916 943 1981 luctum
967 1917 1112 2001 increpat
1136 1919 1165 1979 Σ
1189 1922 1241 1994 22,
1272 1939 1299 1982 v.
1318 1921 1367 1972 206

134 2024 232 2089 schol.
248 2023 351 2088 -De
374 2027 441 2088 arte
462 2026 576 2106 poetae
598 2023 677 2088 haec
698 2027 781 2103 sunt,
804 2045 885 2106 quae
906 2023 957 2088 vel
979 2027 1125 2088 accurate
1145 2045 1303 2109 perpensa

135 2130 325 2195 iniucundus
351 2130 567 2214 ridiculosque
592 2131 751 2217 imagines
778 2134 852 2195 ante
880 2129 990 2196 oculos
1017 2132 1226 2209 constituere,
1251 2129 1303 2195 vel

135 2237 203 2301 sine
225 2237 364 2317 ratione,
392 2236 444 2302 vel
465 2237 616 2302 adversus
637 2237 795 2302 rationem
815 2237 890 2302 ficta
911 2259 980 2303 esse
998 2238 1189 2322 persuadere
1209 2236 1302 2303 volu·

134 2347 211 2411 erat.
248 2348 284 2406 X
303 2351 364 2413 209

300 2448 358 2516 καί
378 2445 453 2516 τότε
475 2448 515 2538 δὴ
537 2445 673 2534 χρύσεια
694 2449 807 2540 πατὴρ
830 2445 972 2516 ἐτίταινε
992 2444 1148 2536 τάλαντα,

304 2553 339 2623 ἐν
360 2550 394 2623 δ’
419 2552 528 2623 ἐτίθει
548 2552 608 2623 δύο
629 2559 711 2644 κῆρε
730 2553 926 2646 τανηλεγέος
946 2550 1132 2624 θανάτοισι

135 2663 216 2753 γελᾷ
243 2660 280 2730 δὲ
306 2662 363 2730 τὸν
383 2668 497 2749 μῦθον
525 2659 542 2731 ὃ
564 2662 710 2743 Ζωίλος·
738 2662 921 2732 ποδαποί
946 2661 1017 2750 γὰρ
1039 2658 1081 2730 αῖ
1100 2667 1243 2751 μοῖραι
1264 2660 1303 2728 ἐν

135 2773 224 2848 ταῖς
244 2765 456 2858 πλάστιγξι
477 2764 751 2859 καθημεναιῆ
771 2767 988 2860 ἑστηκυῖαν.
1010 2810 1048 2821 -
1075 2774 1108 2836 Ψ
1129 2779 1187 2841 100

385 2878 473 2969 ψυχὴ
499 2875 536 2945 δὲ
555 2878 639 2946 κατὰ
659 2876 784 2961 χθονὸς
804 2873 885 2965 sidae
905 2875 1034 2956 καπνὸς

302 2979 403 3072 pigero
425 2989 589 3072 τετριγυῖα
612 3011 670 3052 -.·

135 3090 268 3171 Ζωίλος
295 3091 333 3159 δέ
354 3114 455 3182 φησιν
482 3091 534 3161 ὅτι
556 3087 636 3160 ἀλλ’
661 3090 680 3161 ὃ
702 3093 854 3173 καπνὸς
875 3087 952 3160 {tva
975 3088 1154 3182 φέρεταιῖ
1174 3132 1215 3143 -
1236 3095 1265 3156 E
1284 3101 1303 3162 7

301 3194 393 3268 τοῖόν
415 3196 448 3268 οῖ
468 3205 534 3289 πῦρ
557 3202 648 3267 δαῖεν
670 3194 740 3268 ἀπὸ
764 3202 882 3287 κρατός
901 3224 938 3267 τε
958 3199 1016 3268 καί
1036 3194 1154 3286 οῖμωνε

135 3305 268 3386 Ζωίλος
293 3302 312 3375 ὁ
331 3301 484 3397 Ἐφέσιος
508 3312 683 3397 κατηγορεῖ
707 3314 768 3376 τοῦ
791 3303 899 3377 τόπου
919 3303 1037 3376 τούτου
1058 3307 1116 3375 καί
1135 3305 1304 3397 μέμφεται

134 3418 182 3501 τῷ
203 3418 327 3506 ποιητῇ
349 3412 401 3481 ὅτι
422 3413 497 3482 λίαν
518 3412 657 3502 γελοίως
677 3413 860 3506 πεποίηκεν
880 3413 917 3484 ἐκ
937 3419 1004 3483 τοῖν
1025 3409 1124 3501 οῖμων
1144 3419 1204 3482 τοῖ
1222 3417 1305 3480 Διο-

134 3516 265 3609 μήδους
285 3523 463 3605 καιόμενον
483 3528 564 3610 πῦρ·
598 3516 802 3590 ἐκινδύνευσε
829 3523 891 3610 γὰρ
921 3518 962 3589 dv
988 3514 1303 3612 καταφλεχθῆναιὸ

134 3625 232 3716 ἥρως.
267 3630 320 3697 Sic
342 3634 486 3719 argutari
504 3632 624 3699 licebat
644 3633 679 3697 in
701 3653 739 3698 eo
761 3655 863 3712 versu,
885 3655 981 3717 quem
1001 3633 1138 3698 idoneus
1158 3629 1303 3716 profecto

135 3737 233 3801 iudex
253 3736 411 3824 Virgilius
433 3762 529 3824 supra
549 3739 680 3804 modum
707 3740 881 3805 admiratus
909 3743 941 3806 et
961 3740 1138 3806 identidem
1158 3739 1304 3804 imitatus

137 3864 208 3909 esse
231 3844 355 3911 dicitur.
388 3844 530 3913 Macrob.
553 3845 617 3913 Sat.
640 3846 671 3912 V
695 3851 741 3914 13.
764 3883 804 3892 -
827 3845 903 3913 Sine
922 3847 1048 3912 ratione
1069 3846 1180 3911 fiotum
1201 3845 1305 3910 visum

135 4066 267 4124 ditarent.
301 4067 376 4126 Serv.
399 4068 436 4122 ad
453 4070 522 4124 Aen.
539 4069 580 4123 III
597 4074 659 4126 636:
689 4069 758 4134 „Hic
776 4068 986 4140 (Polyphemus)
1008 4068 1051 4124 vir
1076 4067 1306 4139 prudentissimus

134 4150 202 4214 fuit,
228 4153 257 4206 et
273 4152 309 4206 ob
327 4153 380 4207 hoo
398 4151 510 4206 oculum
529 4152 560 4207 in
577 4153 670 4224 capite
687 4151 815 4208 habuisse
834 4151 950 4216 dicitur,
972 4153 991 4206 i.
1009 4170 1032 4208 e.
1057 4153 1137 4209 iuxta
1154 4152 1306 4214 cerebrum,

135 4234 204 4302 quia
224 4236 374 4304 prudentia
396 4236 460 4307 plus
482 4236 605 4292 videbat.
634 4253 732 4294 verum
748 4235 843 4291 Ulixes
865 4253 929 4290 eum
946 4237 1099 4305 prudentia
1116 4236 1260 4308 superavit
1277 4239 1306 4289 et

135 4317 172 4372 ob
189 4317 243 4372 hoc
265 4335 329 4373 eum
352 4336 478 4376 coecasse
495 4319 636 4390 flugitare*
669 4320 764 4390 Longe
786 4319 869 4374 aliter
885 4319 1073 4377 Aristarchus:
1100 4320 1156 4377 vid.
1177 4320 1305 4391 Apollon.

134 4400 189 4458 lex.
205 4400 287 4461 Hom
303 4420 324 4458 ε.
344 4401 522 4472 ἀθεμίστων.
549 4402 640 4475 Supra
655 4422 683 4476 p.
704 4409 760 4461 181.
