3008 4980
543 356 569 418 a
590 363 631 420 De
648 363 899 434 inberaspirabione.
1243 373 1302 438 319

137 535 255 620 quibus
277 533 396 598 usitata
416 532 479 596 fuit
498 531 533 597 in
557 533 670 599 mediis
692 532 890 617 simplicibus
912 533 1064 618 aspiratio
1087 539 1158 618 (pro
1179 535 1218 616 Σ)
1241 535 1303 599 Ar·

137 643 256 728 gisam,
281 639 513 718 Erebriensem‚
540 639 763 725 Pamphyliam
789 645 823 706 eb
852 641 1004 724 Oropiam
1031 645 1178 706 recenset
1197 641 1303 726 Etym.

135 749 178 815 M.
193 771 224 833 p.
241 753 311 827 319,
330 752 376 815 12.
405 746 477 824 Qua
498 748 536 812 de
557 771 592 813 re
613 747 948 832 postalclrenarium
970 748 1074 813 dicere
1096 748 1148 830 (ad
1170 747 1303 816 Theocr.

135 879 165 942 p.
187 861 248 923 274
268 859 352 938 sqq.)
373 876 439 919 non
460 875 599 921 necesse.
635 855 684 921 De
707 854 838 939 γερωία,
862 849 1001 940 γερωχία
1022 856 1082 921 vid.
1105 856 1163 922 Od.
1178 854 1303 925 Mnller.

135 964 214 1028 Dor.
236 961 337 1030 1191.
379 960 518 1048 Pergam
540 962 686 1046 equidem
702 961 869 1047 Apollonii
888 963 1074 1028 testimonia
1096 963 1134 1027 de
1156 964 1303 1029 abnormi

136 1068 416 1153 interaspiraticne
438 1090 612 1134 recensere.
655 1069 704 1134 De
727 1069 807 1136 coni.
829 1092 858 1154 p.
881 1076 956 1151 509,
979 1074 1017 1138 18
1044 1066 1101 1134 καί
1125 1069 1228 1157 δῆλον
1250 1067 1302 1136 ὅτι

135 1175 173 1243 τὸ
190 1171 278 1243 διότι
300 1169 374 1254 dicor
393 1173 453 1262 τὴν
475 1169 577 1262 αότὴν
598 1169 824 1242 ἀνταπόδοσιν
845 1171 912 1257 diget
930 1171 1117 1260 ἐγκείμενον
1137 1177 1303 1246 πτωτικόν

136 1281 173 1350 τὸ
188 1279 252 1362 ὅτι,
273 1279 378 1370 σαφὲς
392 1286 513 1349 ποιοῦν
527 1277 592 1348 κάκ
612 1286 671 1349 τοῦ
692 1279 887 1368 πνεύματος,
911 1281 1003 1351 καθὸ
1022 1280 1107 1371 μέση
1127 1281 1148 1372 ἡ
1173 1285 1300 1366 δασεῖα,

135 1385 388 1478 ἀπαγορεύουσα
408 1388 468 1478 τὴν
491 1384 548 1455 διό
570 1386 736 1475 πρόθεσιν
758 1388 792 1456 ἐν
811 1395 852 1482 τῇ
872 1389 1073 1473 παραθέσει.
1117 1387 1154 1459 σι’
1178 1393 1239 1480 γὰρ
1261 1390 1302 1482 δή

138 1521 174 1584 γε
194 1495 250 1564 καί
272 1491 352 1563 αότδ
369 1490 489 1583 μόριόν
511 1494 579 1563 ἐστι
600 1500 666 1562 ταῖν
685 1494 939 1584 ἡμαρτημένων,
968 1493 1095 1584 ὁμοίως
1118 1504 1165 1589 cpi
1186 1497 1302 1569 εὔαδεν
1314 1516 1384 1583 (338)

138 1607 169 1690 (l.
192 1600 279 1691 εόὰν,
300 1607 362 1673 hoc
383 1610 531 1686 accentu,
555 1629 583 1673 v.
605 1605 714 1693 Ublig.
735 1607 757 1671 l.
777 1607 798 1673 l.
819 1631 850 1693 p.
873 1613 926 1688 37,
951 1609 1003 1675 vel
1023 1597 1101 1688 εἶὲν,
1130 1602 1209 1675 εόᾶν
1229 1633 1301 1678 cum

137 1714 270 1800 Uhligio
291 1714 355 1796 in),
378 1707 458 1781 εόοῗ.
500 1713 590 1779 Idem
611 1714 721 1780 docuit
741 1718 774 1779 eb
792 1715 934 1781 rationes
955 1717 1077 1783 eddidit
1090 1717 1302 1803 Herodianus,

137 1828 175 1889 ub
189 1822 412 1910 cognoscimus
428 1845 466 1888 ex
480 1822 552 1888 loco
572 1823 711 1907 quodam
728 1822 958 1889 iucundissimo
973 1823 1183 1911 Theognosli
1206 1850 1301 1912 quem

137 1930 284 1997 Bekkero
307 1931 459 1996 debemus
480 1931 601 1996 Anecd.
623 1953 654 2015 p.
679 1935 756 1997 1433
779 1929 932 2016 <Gramen
954 1931 1014 1997 An.
1035 1931 1093 2000 Ox.
1115 1931 1301 2020 Π158,14>

137 2035 193 2102 καί
214 2027 317 2114 αὖθις
338 2032 356 2103 ὁ
379 2031 476 2115 αὐτὸς
498 2038 724 2121 (Herodianus)
753 2035 831 2121 περί
855 2040 920 2101 τοῖν
945 2030 1053 2102 αότῶν
1074 2059 1175 2126 φησιν
1195 2031 1242 2119 ὦς
1263 2036 1301 2105 οό

137 2144 188 2210 δεῖ
203 2143 245 2209 τὰ
266 2143 494 2226 σχετλιαστικά
516 2147 581 2209 τοῖν
601 2139 832 2230 ἐπιρρημάτων
853 2142 909 2211 καί
930 2138 1075 2224 εόκτικό,
1100 2140 1202 2213 οῖονεί
1222 2151 1304 2232 βακ-

136 2249 212 2333 χικὰ
241 2245 320 2318 όντα
347 2254 379 2337 (l.
404 2242 476 2319 οἷον
498 2245 576 2318 οόδέ
596 2250 638 2316 τὰ
659 2247 819 2336 βακχικοί,
848 2275 876 2319 τ.
896 2253 935 2319 Ε.
956 2254 1001 2321 Μ.
1024 2277 1047 2322 s.
1068 2247 1121 2339 ἶιό)
1148 2247 1216 2320 ὑπὸ
1231 2254 1303 2343 ,τὴν

137 2354 281 2441 ἔντεχνον
305 2353 514 2427 ἀκολουθίαν
541 2352 648 2444 ἀγιιν,
679 2354 747 2446 είγε
773 2354 852 2426 οὐδὲ
874 2357 957 2448 μέρη
985 2355 1086 2447 λόγου
1111 2359 1197 2441 τινός
1218 2353 1303 2429 εἶναι

136 2471 238 2532 ταῦτα
260 2462 429 2551 ἐνόμισαν·
457 2462 648 2556 πασχούσης
668 2466 729 2554 γὰρ
750 2461 903 2558 ψυχῆςῆ
929 2462 1088 2555 διακόρου
1113 2463 1180 2536 ἀπὸ
1211 2465 1304 2538 οἴνου

138 2569 237 2663 οόσης
252 2569 371 2661 ἀλογοι
386 2571 538 2664 δηλονότι
552 2573 609 2642 καί
624 2571 659 2641 αὶ
674 2573 879 2665 ἐκφωνήσεις
899 2570 1007 2664 αὐτῆς.
1043 2574 1097 2644 διὸ
1121 2572 1173 2643 ἐπ’
1198 2572 1304 2644 αὐτῶν

137 2678 208 2749 ἐσθ’
233 2679 288 2751 ότε
308 2682 346 2749 τὸ
370 2683 451 2750 δασὺ
472 2688 603 2768 πνεῦμα
625 2677 756 2769 ἀλόγως
776 2681 812 2750 ἐν
831 2687 872 2774 τῇ
893 2681 1033 2774 ληγοόση
1053 2684 1202 2776 συλλαβῇ
1224 2681 1304 2771 ὁρᾶ-

136 2815 202 2871 ται,
226 2787 272 2869 ὡς
285 2785 351 2874 ἔχει
364 2789 403 2857 τό
421 2785 502 2872 odoi,
526 2785 615 2870 εόόίν,
639 2785 713 2858 eddo
727 2785 833 2879 (εόδιν,
848 2785 926 2858 εόαί
939 2815 1019 2860 corr.
1033 2793 1167 2881 Uhlig.>.
1197 2793 1304 2862 Schol.

138 2899 231 2967 Dion.
255 2921 302 2987 gr.
323 2924 353 2985 p.
376 2905 434 2968 951
456 2897 495 2967 τό
517 2894 603 2986 evici,
630 2893 709 2965 εόάν
734 2894 865 2985 ἀλόγως
891 2899 1026 2965 δασεῖαν
1051 2895 1179 2981 ἐγουσιν
1205 2899 1239 2968 ἐν
1259 2907 1305 2989 api

127 3005 223 3075 ,τέλει
239 3003 332 3072 ἁπλᾶ
354 3000 442 3085 όντα,
466 3001 496 3073 εί
516 3003 564 3097 μή
586 3031 636 3086 τις
658 3002 736 3097 εἴπῃ
756 3006 794 3075 τό
809 3007 958 3097 σφοδρὸν
979 3011 1109 3093 πνεῦμα
1128 3013 1199 3089 τοῖς
1218 3015 1302 3096 βακ-
1320 3023 1369 3073 314

136 3111 306 3196 γιάζουσιν
328 3110 491 3199 ἁρμόζειν.
528 3117 643 3183 Coram
665 3119 821 3183 eiusmodi
842 3118 980 3184 testibus
1002 3119 1224 3186 obmutescent
1242 3120 1303 3185 im·

138 3225 239 3308 perite
259 3224 470 3290 reclamantes
493 3247 574 3309 quos
595 3226 726 3311 respicit
744 3224 893 3292 Eusbath.
916 3227 956 3291 ad
972 3225 1067 3292 Dion.
1088 3250 1117 3297 v.
1140 3234 1199 3296 794
1221 3221 1304 3292 Εόοῖ

138 3323 246 3410 Βοίκχε
267 3327 443 3426 ὑμνητικὸν
467 3329 505 3398 τδ
528 3331 656 3417 λόγιον,
684 3328 795 3418 ὥσπερ
821 3332 878 3398 καί
902 3331 940 3398 τό
964 3325 1052 3414 εόάν,
1083 3329 1167 3400 ὅθεν
1187 3332 1244 3399 καί
1264 3332 1302 3401 τδ

138 3431 265 3519 εόάζειν
287 3437 343 3505 καί
364 3432 472 3517 Εόιος.
513 3442 616 3505 ταῦτα
645 3433 679 3504 οὶ
707 3437 769 3523 μὲν
794 3435 953 3508 ἐδόσυνον
978 3436 1024 3520 ὡς
1044 3438 1302 3508 ἐνθουσιαστικὰ

137 3539 337 3630 πρωτόθεια
363 3542 589 3634 ἐπιρρήματα,
619 3541 651 3613 οῖ
678 3543 715 3612 δὲ
740 3543 882 3638 έψίλουν
908 3542 980 3615 ἀντὶ
1000 3553 1058 3615 τοῦ
1079 3540 1115 3614 ed
1137 3539 1173 3615 οἷ
1191 3546 1304 3616 τουτέ-

138 3672 209 3718 στιν
228 3645 326 3740 αότηῖ.
368 3656 414 3721 Ac
439 3656 500 3721 hos
521 3678 562 3721 ne
583 3656 629 3721 iba
651 3657 779 3741 quidem
800 3680 868 3723 rem
889 3678 980 3724 snam
1001 3662 1133 3745 agentes
1154 3657 1303 3724 ferendos

137 3765 282 3845 putasset
302 3762 503 3847 Apollonius.
549 3762 634 3829 Nam
661 3765 717 3849 qui
737 3765 992 3832 interiectionem
1014 3760 1114 3831 ιόοιοί
1141 3788 1180 3831 ex
1202 3756 1238 3832 οἷ
1255 3768 1303 3833 fa-

139 3872 223 3935 ctam
241 3891 310 3936 esse
324 3875 570 3938 autumaveranb
586 3893 641 3937 eos
656 3871 718 3937 hoc
739 3873 836 3938 modo
858 3873 1003 3958 increpat
1023 3873 1063 3939 de
1086 3873 1155 3940 adv.
1179 3880 1248 3953 537,
1264 3880 1302 3942 29

136 3979 209 4054 πῶς
238 3971 270 4041 δ’
294 3971 367 4059 οόχί
394 3977 451 4044 καί
482 3977 613 4064 γελοῖον
642 3975 677 4044 ἐν
704 3982 751 4066 τῷ
779 3972 878 4045 ιόοιοί
905 3981 977 4063 (ins.
998 3977 1036 4045 τὸ
1060 3984 1105 4065 οι)
1132 3977 1169 4045 ἐκ
1193 3974 1302 4065 τρίτου

138 4075 363 4167 ἀντωνυμικοῦ
397 4089 629 4172 παρακεῖσθαι
660 4087 704 4172 (h.
738 4109 764 4153 e.
796 4083 832 4151 ἐν
860 4083 1052 4175 παραθέσει
1082 4078 1196 4172 εἶναι),·
1231 4090 1304 4164 παῖς

135 4186 241 4257 πόλιν
263 4188 560 4274 δεδιπλασίασταις
588 4198 665 4261 ποῦ
691 4189 712 4281 ἡ
743 4193 880 4260 δασεῖα
905 4199 973 4282 τῆς
994 4188 1252 4278 ἀντωνυμίας,
1280 4187 1304 4280 ἢ

136 4303 203 4365 ποῦ
225 4293 245 4386 ἡ
268 4299 521 4388 περισπωμένης
555 4303 606 4368 Ex
631 4302 752 4370 Latinis
779 4304 869 4371 libris
895 4303 1010 4370 Euhoe
1039 4308 1072 4370 eb
1097 4305 1222 4371 Euhius
1252 4302 1303 4367 vel

137 4407 225 4475 furca
258 4411 397 4496 expellas
425 4415 567 4477 recurret
596 4414 718 4493 tamen,
747 4412 809 4477 vid.
839 4411 968 4480 Gesner.
1002 4416 1034 4477 et
1061 4411 1198 4478 Lobeck.
1231 4410 1251 4478 l.
1280 4411 1302 4479 l.
