3008 4980
415 334 436 383 1.
455 327 604 384 Aristonici
621 328 693 382 liber
710 329 745 383 de
762 327 836 383 notis
855 329 1014 384 Aristarchi.
1260 338 1296 399 13

126 482 1367 574 mamummama-nmaommmmm)

128 601 889 690 nmammmzmawae

210 823 279 907 97.
320 821 408 907 Ergo
434 822 660 901 110011111111111,
693 847 813 904 omnes,
843 845 922 908 quas
951 824 1154 889 Aristonicus
1174 828 1299 904 tractat,

127 932 222 994 notas
242 929 421 994 Aristarchi
447 953 523 997 esse.
567 931 779 998 Concedimus
800 936 910 997 tamen
930 953 996 996 11110
1023 931 1163 997 alterove
1185 931 1258 999 loco
1281 956 1299 997 a

129 1037 292 1122 discipulis
314 1039 406 1123 signa
427 1038 536 1103 addita
557 1061 685 1104 1111111
705 1043 813 1105 mente
830 1039 1017 1105 Aristarchi.

211 1145 303 1210 Talia
324 1146 418 1224 enim,
440 1167 521 1229 quae
544 1145 659 1211 solitus
680 1145 786 1211 fuerat
806 1150 918 1211 notare
940 1146 1153 1227 Aristarchus,
1186 1148 1213 1211 si
1233 1170 1299 1212 uno

127 1253 268 1319 alterove
299 1253 372 1319 1000
399 1276 466 1319 non
495 1256 671 1335 notaverat,
700 1253 829 1340 fugerat
861 1277 950 1331 eum,
982 1257 1015 1319 et
1043 1254 1070 1318 si
1098 1255 1170 1337 quis
1197 1255 1299 1340 digito

127 1365 354 1444 monstrasset,
380 1362 448 1445 ipse
478 1362 588 1425 statim
617 1360 725 1445 diplen
751 1362 897 1445 posituro
935 1361 1107 1426 annuisset.
1163 1359 1245 1426 Item
1272 1362 1343 1431 1113

128 1469 200 1552 quis
223 1469 300 1553 quid
322 1470 472 1534 odoratus
494 1471 586 1546 esset,
615 1468 702 1552 quod
723 1468 764 1533 ad
791 1468 932 1552 aliquam
952 1467 1125 1563 lectionem
1145 1470 1299 1553 magistro

43 1613 52 1625 ·
127 1575 296 1660 probatam
321 1576 443 1660 aliquid
470 1576 627 1641 momenti
652 1576 768 1641 addere
794 1581 917 1660 posset,
947 1580 1025 1641 nota
1046 1576 1151 1660 posita
1174 1574 1301 1653 „locum

127 1683 341 1767 reprehendit,
370 1684 425 1767 qui
451 1683 643 1768 praeteritus
669 1682 870 1770 negligentia
902 1688 995 1749 erat.“
1041 1684 1176 1749 Poterat
1205 1682 1302 1748 etiam

32 1862 39 1873 Ε
127 1789 197 1854 fieri
217 1794 254 1854 ut
274 1789 480 1856 Aristarchus
502 1790 636 1857 consilio
658 1814 758 1856 unum
777 1791 952 1857 alterumve
973 1791 1082 1858 locum
1098 1791 1301 1874 praetermit-

129 1899 224 1974 teret,
251 1898 306 1981 qui
332 1899 379 1964 rei
404 1898 469 1963 iam
497 1899 575 1964 satis
600 1898 755 1983 probatae
777 1899 828 1964 vel
853 1899 1012 1964 incertum
1032 1900 1083 1964 vel
1103 1898 1301 1964 levissimum

128 2010 327 2070 momentum
355 2005 493 2071 adderet.
538 2005 629 2070 Talia
654 2006 755 2092 igitur
780 2006 971 2072 addiderunt
997 2005 1158 2091 discipuli3
1191 2028 1301 2089 quam-

130 2133 226 2195 quam
247 2135 355 2177 rarum
376 2112 579 2199 spicilegium
595 2116 670 2179 erat.
712 2113 883 2179 Praeterea
903 2135 963 2178 1110
981 2112 1064 2177 illud
1079 2113 1301 2193 omittendum,

129 2241 201 2283 cum
216 2220 394 2285 Aristarchi
416 2221 514 2285 editio
529 2221 663 2286 Homeri
685 2221 812 2305 saepius
828 2220 987 2305 descripta
1008 2243 1067 2285 nec
1089 2221 1153 2285 iam
1174 2221 1302 2306 integra

130 2330 214 2392 esset
236 2328 285 2408 (ut
305 2331 419 2411 postea
441 2328 641 2411 videbimus),
662 2329 755 2393 facile
770 2329 914 2413 potuisse
937 2329 1091 2413 quasdam
1105 2330 1145 2394 ab
1161 2329 1302 2394 Aristar·

130 2434 189 2498 cho
212 2435 375 2518 appositas
396 2439 489 2501 notas
511 2437 715 2502 intercidere:
743 2458 807 2519 quo
836 2436 943 2500 minus
966 2434 1131 2520 discipulis
1153 2436 1303 2501 dubitan-

130 2541 206 2606 dum
228 2547 303 2621 erat,
326 2544 404 2627 quin
426 2544 580 2609 adderent
601 2566 683 2628 quae
706 2543 774 2608 eius
796 2543 976 2608 rationibus
998 2543 1066 2608 sine
1088 2542 1154 2607 ulla
1176 2543 1303 2608 dubita·

128 2649 217 2715 tione
240 2651 456 2717 convenirent.
498 2651 647 2735 Denique
666 2651 728 2716 hoc
753 2651 788 2715 in
807 2673 938 2717 censum
957 2650 1051 2716 venit.
1085 2648 1142 2715 Bis
1161 2650 1303 2716 ediderat

129 2757 334 2822 Aristarchus
359 2757 546 2825 Homerum.
596 2757 660 2825 Sed
688 2759 716 2824 11
736 2759 840 2825 ,etiam
870 2761 945 2843 post
970 2757 1104 2822 alteram
1130 2757 1304 2822 editionem

128 2866 162 2929 in
183 2864 348 2949 publicum
371 2867 519 2932 emissam
540 2867 575 2930 in
595 2866 734 2952 legendo
756 2871 790 2931 et
810 2863 1050 2950 interpretando
1065 2863 1209 2928 Homero
1230 2887 1303 2948 per-

129 2973 218 3052 rexit,
239 2973 302 3037 hoc
324 2973 452 3039 demum
466 2976 612 3058 tempore
628 2973 785 3057 quaedam
804 2972 1029 3037 animadvertit
1050 2975 1145 3036 antea
1160 2972 1304 3035 nondum

129 3080 304 3145 observata.
346 3080 435 3146 Haec
463 3081 582 3145 sensim
607 3080 694 3144 haud
722 3079 818 3145 dubie
845 3103 918 3145 cum
945 3079 1102 3144 editiones
1127 3078 1304 3145 identidem

129 3188 383 3254 describerentur
408 3188 511 3252 textui
537 3187 658 3264 addita3
686 3191 828 3253 attamen
858 3184 1023 3272 quaedam,
1051 3209 1133 3270 quac
1156 3210 1210 3253 ore
1231 3191 1304 3251 tan·

129 3297 198 3359 tum
224 3299 404 3381 propagata
432 3296 484 3361 vel
505 3317 562 3380 per
584 3297 839 3375 commentarios,
866 3317 947 3380 quos
969 3317 1036 3360 non
1058 3317 1170 3361 omnes
1192 3317 1303 3360 omnes

130 3401 301 3480 habebant,
323 3403 455 3467 disiecta
470 3406 586 3481 essent,
608 3403 748 3468 eruenda
761 3403 861 3469 1111111
882 3405 973 3488 patet
988 3407 1020 3468 et
1035 3425 1107 3468 sero
1122 3403 1303 3467 accessisse.

129 3510 283 3575 Attamen
309 3510 428 3588 damus,
454 3511 580 3576 utiam
607 3515 701 3576 antea
727 3511 992 3597 significavimuS,
1021 3510 1176 3595 quasdam
1202 3513 1304 3587 notas,

131 3639 210 3700 quas
231 3616 436 3683 Aristarchus
462 3639 521 3682 nec
546 3622 699 3702 posuerat
725 3640 784 3684 nec
805 3619 1015 3697 indicaverat,
1042 3641 1081 3682 111
1108 3618 1176 3682 eius
1196 3620 1304 3682 11111111

131 3729 164 3790 11
189 3724 334 3790 doctrina
360 3726 400 3790 ab
432 3724 595 3809 discipulis
623 3727 786 3810 appositas
817 3748 895 3790 esse.
952 3726 1041 3791 Haec
1070 3726 1134 3805 via,
1162 3746 1226 3809 qua
1250 3724 1305 3788 alii

132 3833 223 3916 quasi
243 3833 374 3897 lacunas
396 3832 550 3916 quasdam
565 3833 777 3918 expleverant,
799 3834 860 3917 ipsi
876 3854 1005 3917 quoque
1020 3832 1204 3897 Aristonico
1228 3853 1305 3896 con·
1318 3844 1373 3916 (16)

132 3961 220 4005 cessa
240 3941 310 4007 fuit.
345 3939 438 4004 'Hinc
465 3941 618 4025 estquod
644 3963 878 4025 nonnunquam
903 3939 1083 4005 invenimus
1105 3934 1305 4025 σημειωτέον

131 4046 183 4112 vel
203 4044 425 4133 σημειώσαιτο
447 4039 488 4111 dv
508 4071 567 4124 τις.
615 4049 642 4113 O
666 4057 702 4116 11
725 4037 793 4131 αἷμ’
820 4044 944 4130 tudun:
970 4039 1002 4135 (ἦ
1025 4045 1142 4135 διπλῆ)
1162 4045 1249 4134 πρὸς
1268 4044 1306 4114 τὸ

134 4141 201 4236 αἷμ’
226 4146 417 4236 ἀπέμασσεν
440 4151 486 4238 (Ξ
496 4158 569 4238 437)
590 4157 687 4221 τοῦτο
710 4147 754 4222 dv
773 4179 824 4234 τις
845 4148 1074 4241 σημειώσαιτο.
1104 4154 1178 4223 scil.
1200 4151 1234 4224 Ξ
1244 4161 1304 4223 437

133 4263 336 4328 Aristarchus
372 4252 441 4345 αἷμ’
475 4256 659 4347 ἀπέμεσσεν
691 4265 883 4349 probaverat
916 4286 992 4349 prae
1032 4263 1132 4328 altera
1166 4264 1304 4329 lectione

134 4363 336 4453 ἇπέμασσεν.
365 4372 461 4436 Hunc
482 4372 590 4437 locum
612 4361 681 4454 αἷμ’
706 4368 811 4454 ἐμέων
833 4374 860 4437 11
881 4395 991 4439 revera
1012 4394 1078 4436 non
1100 4375 1266 4438 notaverat
1287 4393 1306 4434 a
