3008 4980
471 405 477 410 .
578 371 600 420 1.
624 366 665 421 De
683 366 860 424 athetasibu't
1243 373 1302 437 331

133 548 295 638 ε’μάχσντο
317 551 440 622 νέεσσιε
466 551 498 645 (ἦ
525 557 640 646 διπλῆ)
669 555 722 624 ὅτι
743 555 780 623 ἐκ
805 553 922 625 τούτου
946 552 1178 624 διεσκεύασται
1202 553 1220 623 δ
1246 561 1306 647 τῆς

132 658 343 745 τειχομαχίας
372 659 481 744 στίχος
511 660 638 744 ,,άλλοι
667 657 699 730 δ’
734 659 817 754 ἀμφ’
849 660 970 753 άλλῃσι
1002 659 1108 753 μάχην
1143 660 1304 749 ἐμάχοντο

134 767 315 858 πύλῃσινίί,
338 775 383 834 Μ
403 781 475 840 175:
504 797 568 860 quc
589 775 661 839 loco
684 775 728 841 sie
752 775 877 841 scribit:
906 766 976 840 άπὸ
999 769 1197 840 τούτου...
1219 768 1305 839 ἀθε-

135 881 268 945 τοῦνται
299 872 404 960 στίχοι
444 875 472 960 ς’
502 878 555 947 ὅτι
582 875 800 967 σαροίδηνται
834 878 870 947 ἐκ
902 884 962 947 τού
996 875 1121 961 ,,άλλοι
1153 876 1185 947 δ’
1220 876 1303 972 ἀμφ’

136 981 256 1074 άλλῃσι
280 1010 386 1074 μυχην
412 983 570 1070 ἐμάχοντο
598 985 739 1055 vercona
771 1028 811 1039 -
846 996 878 1053 Τ
896 995 957 1059 327
982 987 1039 1055 καί
1063 982 1306 1079 Ἀριστοφάνης

134 1091 320 1181 προηθίτει
343 1093 402 1160 τὸν
428 1091 537 1177 στίχον
561 1149 568 1163 .
588 1148 595 1162 .
618 1092 825 1184 ,τεκμήριον
854 1095 890 1162 δὲ
910 1101 971 1185 τῆς
992 1097 1168 1187 διασκευῆς
1188 1096 1226 1164 τὸ
1249 1094 1306 1161 καί

135 1200 253 1290 ἑτέρως
275 1200 444 1292 φέρεσθαι
464 1202 523 1268 τὸν
543 1198 653 1284 στίχον
680 1199 741 1283 „e'c'
758 1229 826 1271 που
848 1199 897 1270 ἔτι
920 1200 998 1285 ζάει
1019 1227 1054 1289 χε
1075 1208 1191 1293 Πυρῆς
1214 1199 1303 1289 ἐμός,

136 1302 174 1376 δν
195 1307 429 1380 κατέλειπονίί.
469 1312 639 1379 Praeterea
661 1305 905 1405 προδιασκευή,
938 1314 969 1377 Ω
994 1320 1051 1384 109
1079 1309 1131 1379 δτι
1153 1310 1306 1378 ἐντεῦθεν

135 1411 301 1507 χέχονενὴ
319 1416 547 1508 προδιασκευή
567 1414 667 1500 ,,διλλ’
690 1415 768 1508 ἤτοι
789 1417 917 1512 κλέψαι
936 1417 997 1505 μὲν
1019 1415 1184 1505 ε’άσομεν“
1205 1422 1306 1508 (quod

136 1528 281 1596 schoI.V
301 1528 346 1594 sic
368 1529 457 1594 dicit:
480 1524 633 1593 ἐντεῦθεν
654 1527 695 1592 τὰ
715 1524 780 1592 άνιο
804 1525 1034 1595 διεσκεύασται
1055 1527 1132 1614 περὶ
1152 1528 1304 1616 κλοπῆς).

135 1637 224 1723 Ergo
254 1629 483 1714 διασκευάζειν
510 1637 626 1702 dicitur
649 1641 678 1721 1)
701 1639 740 1703 de
766 1637 850 1702 libro
872 1637 924 1702 vel
944 1639 1015 1706 loco
1039 1640 1094 1723 qui
1115 1639 1251 1724 primam
1273 1642 1305 1703 et

137 1744 309 1829 genuinam
323 1745 459 1810 formam
472 1744 524 1809 vel
539 1744 763 1810 additamentis
781 1745 831 1808 vel
853 1747 1098 1830 quibuscunque
1119 1746 1304 1811 mutationi-

136 1853 196 1917 bus
217 1853 311 1917 factis
332 1852 453 1933 amisit,
479 1846 774 1916 διεσκεύασταιλθῖ.
816 1856 848 1937 2)
869 1852 973 1918 Locus
1000 1853 1069 1937 ipse
1096 1854 1152 1941 qui
1177 1853 1304 1920 additus

139 1964 187 2026 est
208 1960 326 2025 dicitur
348 1954 622 2041 διεσκευασμένος
642 1960 663 2026 i.
687 1983 717 2044 q.
742 1955 1058 2041 ἕνδιεσκευασμένος.

218 2084 368 2150 Ceterum
393 2084 472 2149 haec
502 2077 660 2170 διασκευή
688 2089 798 2170 potest
826 2086 958 2171 abipso
981 2087 1135 2173 scriptore
1157 2088 1242 2167 fieri,
1270 2092 1308 2154 ut

137 2216 229 2277 saepe
246 2193 410 2258 dramatici
424 2192 587 2257 faciebant
609 2214 682 2258 cum
702 2192 830 2259 fabulae
852 2195 992 2280 primum
1013 2218 1079 2261 non
1101 2195 1304 2280 placuissent,

137 2301 223 2386 quod
244 2301 430 2366 Athenaeus
453 2301 582 2386 egregie
604 2300 746 2365 illustrat
767 2300 811 2365 IX
831 2324 861 2386 p.
878 2303 1006 2384 374111„
1027 2304 1183 2368 vocabulo
1205 2324 1306 2384 μετα-

136 2400 305 2486 σκευάζειν
326 2412 433 2474 utens:
461 2405 582 2489 πικρὸς
608 2401 638 2472 δ’
665 2400 710 2471 ὢν
736 2407 774 2473 τὸ
796 2399 884 2495 ἦθος
906 2410 1172 2494 (Anaxandrides)
1195 2406 1304 2476 e‘rroim
1318 2415 1389 2486 (352)

135 2539 166 2580 τι
186 2517 339 2580 τοιοῦτον
359 2512 437 2598 περὶ
456 2511 516 2592 τὰς
535 2508 725 2601 κωμῳδίας·
756 2511 811 2582 ὅτε
837 2514 898 2601 γὰρ
919 2515 964 2604 μὴ
989 2512 1105 2604 νικῴη,
1128 2511 1307 2601 λαμβάνων

135 2618 255 2689 ἔδωκεν
277 2617 324 2700 είς
343 2620 400 2687 τὸν
422 2620 606 2706 λιβανωτὸν
627 2627 838 2706 κατατεμεῖν,
867 2622 934 2688 καί
957 2617 998 2689 ού
1020 2621 1306 2707 μετεσκεύαζεν

135 2728 265 2815 ὥσπερ
289 2725 326 2795 οὶ
346 2725 502 2798 πολλοί.
532 2732 665 2796 Poterat
681 2726 918 2811 διασκευάζειν,
937 2734 1024 2817 quod
1038 2735 1141 2799 multo
1156 2736 1307 2819 frequen·

136 2842 201 2907 tius
223 2841 257 2905 in
278 2839 338 2904 hac
360 2863 407 2917 re3
447 2863 473 2905 e.
503 2861 533 2925 g.
557 2839 656 2905 schol.
679 2838 765 2905 Nub.
790 2846 849 2908 549
879 2841 1119 2925 distinguuntur
1148 2838 1181 2906 oi
1210 2841 1306 2907 διδα-

132 2950 271 3029 χθεῖσαι
303 2950 335 3012 et
366 2940 401 3011 ui
431 2942 566 3031 ὕστερον
598 2946 895 3012 διασκευασθεῖσαι
926 2945 1089 3035 Νεφέλαι.
1130 2974 1158 3017 v.
1186 2950 1305 3018 Athen.

134 3056 181 3122 VI
208 3062 297 3123 2470.
344 3054 423 3120 VIII
449 3055 534 3125 358d
567 3057 636 3138 (ubi
666 3048 739 3132 ἑνός
769 3056 941 3122 delendum
973 3058 1117 3141 videtur).
1158 3058 1188 3123 X
1215 3065 1306 3126 429⁶.

134 3163 178 3230 XI
200 3162 284 3232 496f.
323 3162 399 3228 XIV
421 3165 566 3231 6630233.
605 3162 682 3229 Non
710 3185 836 3249 semper
861 3169 1051 3231 retractatae
1078 3170 1114 3232 ut
1141 3167 1245 3232 denuo
1272 3167 1306 3233 in

135 3273 262 3337 theatra
276 3271 425 3351 redirent,
447 3274 503 3338 sed
518 3276 554 3337 ut
573 3272 806 3338 emendatiores
828 3275 861 3338 in
883 3296 997 3338 manus
1017 3274 1196 3359 legentium
1216 3277 1306 3341 veni-

134 3383 214 3445 rent.
244 3377 486 3462 Nonnunquam
502 3383 647 3445 mutatae
662 3381 702 3445 ab
719 3380 790 3447 aliis
806 3386 889 3461 sunt,
911 3381 950 3446 ab
965 3381 1043 3465 ipsis
1059 3381 1156 3447 etiam
1177 3382 1307 3448 histrio-

134 3487 229 3552 nibus
241 3485 378 3570 (Grysar.
389 3486 428 3551 de
442 3486 636 3554 Graecorum
649 3491 730 3574 trag.
741 3492 837 3573 temp.
849 3490 941 3555 Dem.
951 3514 980 3575 p.
990 3496 1009 3555 4
1019 3490 1109 3574 sqq).
1131 3488 1185 3556 Sic
1197 3491 1305 3574 prouti
1323 3499 1372 3549 337

134 3616 184 3659 res
206 3594 356 3658 ceciderit
381 3589 539 3681 διασκευή
563 3599 595 3660 et
622 3597 776 3662 correctio
804 3620 873 3662 esse
894 3600 1003 3682 potest
1025 3600 1057 3661 et
1078 3598 1306 3682 corruptic²³t

199 3839 237 3879 2³7
253 3836 461 3905 Nonnunquam
479 3836 564 3891 etiam
581 3837 700 3892 formam
718 3856 775 3892 non
801 3839 953 3908 genuinam
969 3839 1070 3893 induit.
1106 3838 1186 3908 Diog.
1204 3840 1250 3893 La.
1269 3839 1307 3892 IX

137 3925 168 3974 49
185 3920 222 3976 τὰ
240 3914 352 3977 δ’άλλα
369 3916 426 3976 ὅσα
443 3919 521 3985 τινες
538 3920 738 3993 ἀναφέρουσιν
756 3921 800 3987 εἰς
816 3919 907 3978 αὐτὸν
919 3923 1129 3994 (Democritum)
1147 3922 1185 3978 τὰ
1201 3921 1256 3991 μὲν
1273 3922 1307 3978 ἐκ

135 4009 193 4058 τῶν
210 4003 301 4060 αὐτοῦ
318 4006 530 4072 διεσκεύασται,
550 4000 587 4061 τά
604 3999 632 4060 δ’
653 3997 898 4077 ὁμολογουμένως
916 4006 997 4063 ἐστὶν
1013 4002 1160 4079 ἀλλότρια.

201 4091 240 4131 2³8
256 4088 383 4159 Apparet
393 4107 426 4144 ex
439 4091 482 4145 his
494 4092 561 4146 loeis
571 4109 656 4160 quam
665 4109 708 4147 res
720 4093 850 4162 frequens
863 4093 893 4162 in
905 4092 1054 4149 recentiori
1062 4093 1206 4148 comoedia
1214 4091 1305 4146 fuerit.

204 4175 242 4216 239
259 4173 301 4228 De
314 4174 493 4230 diasceuastis
504 4194 554 4230 nos
566 4178 661 4231 nostro
673 4193 750 4230 more
768 4176 952 4246 exposuimus.
984 4177 1125 4246 Quidquid
1142 4179 1171 4232 in
1189 4176 1304 4232 eandem

136 4258 304 4313 sententiam
317 4259 423 4314 dictum
441 4263 483 4315 est
500 4261 536 4315 ab
548 4261 718 4326 Heinrichio‚
737 4260 813 4329 quod
830 4261 935 4317 factum
953 4278 1010 4317 esse
1028 4262 1110 4317 video
1128 4279 1161 4316 ex
1173 4257 1306 4315 Nitzsehii

135 4342 348 4413 praeparatione
371 4344 550 4414 indagandae
574 4363 626 4415 per
645 4345 795 4414 Odysseam
820 4345 1044 4416 interpolationis
1061 4350 1076 4416 ξ
1096 4353 1139 4408 11,
1163 4345 1192 4399 id
1214 4344 1305 4398 totum

135 4426 176 4482 illi
192 4431 339 4499 acceptum
358 4428 455 4485 referri
470 4429 606 4487 volumus.
635 4429 691 4484 Nos
706 4428 860 4484 Heinrichii
875 4430 1000 4487 libellum
1017 4447 1161 4503 nunquam
1177 4427 1304 4483 vidimus.
