3008 4980
240 352 279 414 66
326 343 362 400 ΙΙ.
390 342 431 398 De
449 342 627 398 Aristarchea
643 342 842 398 vocabulorum
859 343 1070 398 Homericorum
1086 343 1327 413 interpretatione.

243 514 271 572 Y
288 517 360 578 475.
395 515 430 574 X
448 515 517 578 326.
546 516 658 589 χ328.
687 518 777 591 χ97.
814 504 930 596 οὐλήν,
957 505 1015 597 τῆν
1040 507 1124 576 ποτέ
1147 534 1206 593 μιν
1227 513 1286 589 aeg
1306 503 1413 600 ῆλασε

238 616 345 703 λευκῷ
370 609 483 683 ὀδόντι
508 641 527 681 τ
548 623 618 687 393.
646 625 763 705 φ219.
791 627 891 708 alell.
919 641 946 682 ω
968 623 1039 686 332.
1070 627 1180 688 τ449.
1204 626 1274 687 465.
1298 658 1339 666 -
1363 618 1411 684 (lf.

237 749 256 809 ρ
273 731 333 794 278
347 721 394 811 μή
409 718 501 802 olco?
519 719 661 790 ἔκτοσθε
682 723 801 814 νοῆσας
821 718 962 814 ῆβάλη
983 718 1006 814 ἢ
1027 722 1138 815 ἐλάσῃ,
1163 727 1214 792 cui
1235 727 1414 812 respondet

237 839 298 901 283
331 825 368 897 ού
402 825 464 916 γάρ
496 855 529 897 τι
555 829 708 920 πληγέων
733 825 896 919 ἀδαήμων
924 828 1004 898 οὐδὲ.
1024 831 1165 916 βολάων.
1210 833 1282 899 Hoc
1309 834 1412 920 igitur

238 942 358 1020 docuit,
386 963 490 1026 neque
519 963 594 1006 vero
624 963 662 1006 eo
690 942 853 1026 pertinent
879 940 927 1004 illi
952 940 1031 1018 loci,
1059 942 1115 1025 qui
1136 941 1276 1026 Didymo
1303 942 1411 1026 impo-

237 1052 378 1127 suerunt,
401 1049 518 1132 quibus
540 1049 619 1127 (sive
633 1049 806 1115 mittuntur
820 1047 885 1113 tela
900 1047 966 1112 sive
985 1069 1086 1132 prope
1108 1049 1265 1132 figuntur)
1288 1049 1412 1113 dictum

236 1160 286 1220 est
307 1148 457 1221 ἐλαύνειν
475 1149 611 1236 χαλκόν,
636 1149 760 1234 ὀϊστόν,
787 1155 857 1223 sim.
879 1151 914 1220 ἐν
928 1154 988 1238 vel,
1010 1156 1097 1239 quod
1112 1156 1239 1240 saepius
1262 1157 1412 1234 occurrit,

237 1258 294 1327 διά
316 1268 349 1329 et
374 1257 517 1346 διαπρό,
549 1287 576 1329 e.
598 1284 629 1349 g.
650 1252 671 1349 ῆ
692 1265 734 1348 ῥα
762 1259 819 1327 καλ
846 1259 880 1326 ἐν
907 1262 1007 1347 δεινῷ
1033 1257 1131 1326 σάκεϊ
1152 1255 1242 1327 ἐλαά
1268 1254 1413 1346 ύβριμον

235 1364 328 1453 ἔγχος
356 1375 385 1433 Υ
403 1378 473 1440 259.
501 1378 570 1440 269.
598 1367 793 1456 μεταφρένῳ
818 1365 853 1434 ἐν
880 1365 959 1453 δόρυ
987 1370 1092 1455 πῆξεν
1115 1366 1211 1452 ὤμων
1237 1362 1411 1457 μεσσηγύς,

170 1481 224 1551 (⁷8)
237 1475 295 1542 διὰ
319 1474 356 1542 δὲ
376 1474 562 1568 στήθεσφιν
584 1475 721 1545 ἔλασσεν
742 1480 772 1541 Ε
783 1485 833 1546 40.
855 1481 894 1540 Λ
907 1483 977 1547 448.
1000 1478 1039 1544 cf.
1056 1481 1093 1541 X
1105 1483 1175 1548 284.
1198 1470 1311 1554 ὀϊστὸς
1332 1472 1413 1563 ὤμῳ

235 1580 283 1650 ἐνὶ
305 1589 452 1671 στιβαρῷ
473 1580 620 1674 ἠλήλατο
642 1589 671 1650 Ε
690 1593 751 1653 400
774 1589 833 1650 cet.
876 1585 928 1650 Hn
949 1586 1082 1650 tertium
1104 1585 1287 1670 exemplum
1310 1586 1412 1650 veris·

235 1694 334 1759 simae
366 1695 600 1760 observationis
626 1693 850 1758 Aristarcheae
880 1694 921 1758 ab
953 1693 1118 1777 discipulis
1150 1694 1304 1758 detortae.
1346 1692 1412 1759 Sed

234 1824 336 1885 paene
358 1801 479 1866 oblitus
495 1823 582 1865 eram
602 1801 765 1885 praecepti
779 1800 977 1866 Aristarchei
999 1804 1116 1866 testem
1138 1800 1230 1867 ciere.
1265 1800 1410 1865 Ariston.

235 1910 276 1974 ad
296 1913 335 1972 A
355 1915 394 1977 68
417 1902 521 1992 ύγμον
543 1904 738 1974 ἐλαύνωσινε
767 1899 787 1994 ἡ
810 1891 915 1996 διπλῆ
938 1904 989 1972 ὅτι
1009 1903 1048 1973 τὸ
1070 1902 1234 1972 ἐλαύνωσι
1249 1906 1412 1972 τύπτουσι·

233 2013 290 2080 καὶ
311 2010 447 2102 τίθησιν
468 2013 526 2081 ἐπὶ
545 2018 603 2105 τῆς
623 2012 660 2081 ἐκ
681 2011 792 2098 χειρὸς
811 2014 940 2103 πληγῆς
960 2012 998 2080 τὸ
1020 2011 1146 2081 ἐλάσαι.
1189 2015 1233 2081 cf.
1256 2015 1411 2099 Apollon.

233 2123 295 2190 lex.
323 2124 364 2189 H.
391 2119 570 2188 ἐλαύνουσα
602 2118 797 2207 θερίζωσιυ·
831 2117 851 2209 ἡ
882 2121 944 2207 γὰρ
972 2119 1009 2187 ἐκ
1034 2119 1147 2207 χειρὸς
1170 2117 1273 2211 τύψις
1293 2117 1412 2198 ἔλασις

232 2234 474 2316 μεταφορικῶς.
504 2226 624 2296 ἐλάσαι
638 2229 700 2315 γὰρ
714 2229 753 2298 τὸ
775 2227 812 2296 ἐκ
831 2228 941 2316 χειρὸς
960 2222 1077 2315 τύψαι.
1112 2229 1200 2297 Suid.
1215 2223 1411 2294 ἐλαύνουσιν

234 2331 417 2428 αἰτιατικῇ·
440 2330 545 2423 άγμον
566 2336 752 2404 ἐλαύνουσι·
773 2332 942 2402 τύπτουσι.
976 2339 1104 2402 τιθεῖσι
1126 2339 1160 2421 (l.
1180 2331 1330 2421 τίθησιν)
1352 2333 1412 2402 ἐπὶ

232 2449 293 2531 τῆς
315 2442 351 2510 ἐκ
370 2444 481 2529 χειρὸς
501 2446 629 2535 πληγῆς
649 2444 687 2513 τὸ
710 2439 831 2510 ἐλάσαι
844 2441 1001 2531 Ὅμηρος.
1034 2446 1082 2513 ef.
1104 2445 1203 2511 schol.
1227 2450 1328 2522 2132,
1353 2445 1410 2508 ubi

233 2555 298 2619 iam
313 2554 498 2620 certissimis
513 2555 658 2640 vestigiis
673 2554 896 2620 Aristarcheos
914 2575 1079 2638 agnosces.
1110 2552 1197 2618 Vera
1211 2551 1406 2628 observatio,

234 2684 428 2746 quamquam
443 2662 527 2727 male
541 2663 725 2729 adhibuisse
746 2663 873 2727 videtur
887 2662 928 2726 ad
942 2657 1044 2746 ύγμον
1065 2655 1226 2738 ἐλαύνειν,
1250 2660 1314 2724 iam
1337 2681 1409 2724 eam

234 2768 276 2832 ob
299 2790 428 2833 oausam
449 2771 537 2851 (nam
563 2770 602 2835 de
629 2770 865 2856 significatione
891 2792 961 2840 voc.
984 2762 1088 2853 ύγμος
1109 2790 1196 2833 σασα
1217 2790 1284 2833 non
1306 2790 1408 2851 quae·

231 2877 369 2958 ram³⁸)‚
400 2878 488 2961 quod
509 2900 575 2941 non
598 2879 659 2943 dici
680 2882 790 2962 potest
809 2872 944 2942 τύπτειν
965 2869 1121 2954 στάχυας,
1151 2877 1208 2941 sed
1231 2875 1409 2960 requiritur

232 2984 284 3047 cui
314 2984 480 3063 caedendi,
514 2988 547 3049 et
576 2985 742 3051 decidendi
768 2986 858 3051 notio
886 2986 1031 3051 subiecta
1056 2986 1105 3050 sit.
1137 3021 1177 3033 -
1204 2983 1410 3069 Cognoverat

233 3091 329 3155 etiam
349 3113 387 3154 ex
408 3091 465 3154 illa
486 3092 711 3157 observatione
732 3092 938 3158 Aristarchus
960 3091 1066 3156 solum
1087 3095 1174 3156 recte
1196 3091 1293 3156 scribi
1315 3112 1331 3153 ε
1348 3095 1408 3157 132

232 3201 265 3262 et
278 3220 297 3283 η
312 3204 373 3266 250
387 3196 472 3273 Ζεὺς
485 3192 584 3274 ἔλσας
599 3195 736 3264 ἐκέασσε
754 3197 847 3285 μέσην
870 3196 917 3265 ἐνὶ
939 3193 1056 3265 οἴνοπι
1076 3193 1198 3284 πόντῳ,
1221 3220 1296 3276 non,
1319 3198 1408 3280 quod

231 3303 416 3371 Zenodotus
437 3308 594 3384 tenuerat,
617 3299 754 3382 ἐλάσαςε
776 3330 805 3372 v.
830 3307 953 3372 scholia
976 3308 1016 3372 ad
1037 3307 1147 3373 locum
1167 3307 1318 3390 priorem.

182 3515 214 3565 66
315 3497 377 3580 §b
413 3494 507 3573 Quod
522 3496 653 3580 quidam
666 3497 936 3581 philosophorum
951 3498 990 3562 de
1012 3520 1130 3583 genere
1151 3496 1293 3561 humano
1316 3495 1407 3561 dixe·

231 3606 320 3682 runt,
349 3625 413 3686 quo
435 3604 568 3688 propius
590 3603 630 3667 ab
654 3604 779 3689 origine
799 3627 857 3670 sua
879 3604 1032 3684 abfuerit,
1055 3627 1093 3670 eo
1115 3603 1273 3689 integrius
1295 3602 1406 3682 fuisse,

230 3709 263 3773 id
291 3710 330 3774 de
358 3710 523 3777 vocabulis
551 3710 750 3776 verissimum
777 3715 833 3778 est.
869 3710 942 3789 Ille,
973 3712 1029 3795 qui
1055 3712 1141 3796 apud
1165 3711 1345 3776 Homerum
1371 3710 1406 3774 in

229 3815 376 3900 plurimis
407 3818 507 3896 valet,
544 3818 609 3883 suis
641 3817 800 3902 certisque
829 3819 949 3884 finibus
983 3820 1161 3903 descriptus
1193 3840 1270 3882 usus
1300 3839 1360 3882 nec
1387 3839 1406 3882 a

229 3924 360 4010 tragicis
382 3924 528 4010 lyricisve
543 3947 603 3990 nec
618 3926 658 3990 ab
676 3926 775 4009 epicis
790 3925 842 3990 vel
857 3926 1093 4010 antiquioribus
1107 3926 1159 3992 vel
1175 3948 1256 4009 quos
1271 3923 1406 3989 Homeri

295 4149 321 4190 ³⁸
338 4148 431 4203 Herm.
454 4149 489 4203 de
512 4149 599 4203 dram.
617 4165 687 4203 com.
707 4149 757 4203 sat.
776 4148 827 4219 Op.
846 4150 861 4203 l
878 4168 906 4220 p.
925 4155 968 4206 56.
990 4149 1066 4204 Voss.
1087 4150 1123 4202 ad
1140 4148 1235 4217 hymn.
1253 4147 1331 4202 Dem.
1351 4153 1402 4202 456

229 4235 258 4288 et
275 4232 312 4286 ad
330 4233 407 4290 Arat.
427 4238 484 4289 748.
507 4232 617 4287 Franks
635 4234 672 4288 ad
690 4233 786 4303 hymn.
803 4233 821 4288 l.
839 4232 857 4288 1.
876 4237 905 4288 et
922 4250 994 4302 quae
1010 4249 1100 4304 nuper
1118 4233 1197 4287 dedit
1213 4233 1244 4286 in
1261 4231 1319 4286 eius
1336 4230 1404 4284 libri

229 4333 345 4372 censura
368 4317 526 4387 Spitznerus
550 4315 710 4386 fflallesche
733 4317 844 4386 allgem.
867 4317 1069 4372 Literaturzeit.
1091 4314 1309 4385 Ergunzungsbl.
1336 4318 1402 4369 1830

228 4420 269 4458 nr.
287 4407 320 4458 84
338 4420 365 4472 p.
386 4403 458 4470 667).
