3008 4980
541 350 564 402 2.
587 329 629 404 Ile
646 344 897 416 intcraspiratione.
1241 351 1302 416 325

129 515 221 593 Quae
237 514 387 580 hocloco
404 514 443 580 de
463 515 494 579 vi
510 519 543 580 et
564 517 682 579 natura
699 514 904 600 aspirationis
927 514 1073 600 exposita
1092 515 1202 593 habes,
1224 513 1302 598 Try·

124 622 239 708 phoni,
260 627 298 688 ut
319 625 414 687 antea
435 623 621 708 apparebat,
643 622 982 689 accommodatissima.
1024 622 1182 708 Argutius
1205 622 1303 688 etiam

123 729 251 816 aliquid
277 730 311 794 in
338 730 472 795 eandem
497 731 691 796 sententiam
718 730 913 817 excogitavit
938 729 1091 796 Seleucus
1112 729 1132 796 l.
1153 730 1173 796 l.
1195 735 1302 816 (398³)

122 837 199 914 τοῖς
225 830 373 920 πρώτοις
397 839 463 900 τῶν
491 833 686 926 φωνηέντων
712 834 798 902 κατὰ
824 833 884 914 τὰς
909 830 1023 914 ἁπλᾶς
1042 839 1107 902 τῶν
1130 829 1302 920 ὀνομάτων

124 940 277 1034 ἐκφορὰς
302 939 568 1034 συνεκφέρεσθαι
591 941 707 1010 ἐθέλει
732 948 786 1029 (sc.
807 943 847 1012 τὸ
870 947 1029 1030 πνεῦμα),
1060 942 1118 1010 καὶ
1143 941 1304 1012 ἐνταυθοῖ

123 1043 340 1142 προᾴττουσα
362 1049 419 1118 καὶ
439 1050 551 1132 τάχιον
573 1048 740 1119 ἐκθέουσα
762 1046 804 1119 δι’
822 1049 991 1139 ἐπιπολῆς
1006 1048 1076 1118 ἐστι
1089 1054 1154 1116 τῶν
1174 1048 1301 1133 λέξεων.

122 1153 384 1243 τεκμαιρόμενοι
411 1149 469 1226 οὖν
487 1152 667 1247 Ἀθηναῖοι
693 1158 751 1226 καὶ
777 1158 835 1227 διὰ
856 1163 917 1249 τῆς
936 1154 1061 1242 τάξεως
1081 1157 1141 1247 τὴν
1164 1157 1301 1226 ἐνοῦσαν

123 1270 167 1358 τῇ
189 1262 367 1356 προσῳδίᾳ
393 1260 507 1356 φύσιν,
537 1260 597 1334 οὐκ
620 1264 761 1334 ἐπὶτῶν
784 1264 978 1356 φωνηέντων
998 1264 1165 1347 τιθέασιν,
1189 1264 1300 1354 ὥσπερ

123 1373 187 1452 τὰς
209 1368 331 1454 tntae,
348 1372 413 1460 πρὸ
433 1371 469 1441 δέ
489 1368 614 1442 τούτων
634 1371 880 1443 τάσσουσιν...
901 1370 937 1442 εἰἸ
953 1372 990 1442 δέ
1010 1367 1181 1462 τοιαάτηὴ
1201 1370 1301 1442 δασύ·

124 1505 199 1570 της,
231 1475 365 1571 μήποτε
393 1475 525 1568 ἀλόγως
554 1481 638 1548 κατὰ
669 1482 729 1571 τὴν
755 1482 958 1551 τελευτῶσαν
982 1481 1152 1571 συλλαβὴν
1174 1474 1192 1552 ὅ
1213 1471 1302 1562 ταῶς

127 1588 211 1677 πρὸς
231 1594 297 1656 τῶν
314 1583 474 1657 Ἀττικῶν
494 1594 724 1676 προσπνεῖται.

210 1699 310 1766 Vides
335 1699 387 1765 his
409 1700 627 1784 grammaticis
648 1723 716 1766 rem
737 1701 852 1766 miram
873 1701 1038 1778 accidisse,
1067 1703 1124 1768 sed
1144 1703 1207 1769 hoc
1222 1704 1299 1789 ipso

129 1832 198 1877 esse
229 1806 445 1874 certissimam.
494 1807 630 1874 Causam
657 1809 684 1873 si
714 1809 855 1894 quaeris,
883 1832 935 1875 me
963 1810 1112 1896 ignorare
1134 1813 1298 1896 profiteor.

125 1917 263 1984 Audebo
284 1918 394 1980 tamen
415 1915 550 1992 referre,
574 1938 656 2000 quae
678 1917 717 1982 de
740 1939 777 1982 ea
797 1939 832 1984 re
854 1939 920 1982 non
944 1917 1047 1983 dicam
1066 1918 1220 2003 inquisivi
1243 1921 1300 1986 sed

125 2026 241 2092 ludens
263 2022 411 2109 cogitavi.
453 2021 538 2088 Nam
559 2024 697 2108 primum
720 2026 916 2105 occurrebat,
938 2030 976 2091 nt
989 2025 1051 2092 hoc
1066 2049 1168 2091 unum
1181 2049 1300 2093 nomen

126 2132 356 2221 aspirationem
372 2152 576 2197 communem
590 2131 724 2199 haberet
744 2155 818 2198 cnm
839 2133 998 2199 bacchicis
1019 2133 1085 2199 illis
1106 2133 1299 2201 interiectio·
1383 2164 1386 2169 ·

126 2243 236 2319 nibus,
265 2242 418 2326 possetne
444 2259 647 2305 communem
676 2240 773 2306 etiam
795 2241 999 2326 aspirationis
1021 2264 1150 2308 causam
1171 2241 1299 2310 habere.

128 2349 232 2428 Quare
265 2349 353 2433 quod
384 2346 553 2432 plerasque
584 2370 659 2414 aves
688 2371 706 2414 a
734 2350 801 2415 suis
827 2350 960 2416 vocibus
993 2371 1111 2416 nomen
1140 2350 1299 2435 accepisse

128 2457 304 2540 constabat,
325 2455 494 2520 videbatur
515 2457 626 2540 quaeri
646 2479 751 2543 posse,
773 2457 857 2524 sitne
878 2458 1037 2523 intereas

209 2560 267 2628 καὶ
287 2557 451 2648 πρὸςέντί
471 2554 603 2639 τούτοις
621 2561 766 2642 τιθασὸς
788 2558 969 2646 οἰμώζων
989 2557 1078 2643 ταώς

128 2673 292 2758 (Anaxilas
310 2661 573 2765 Ὀρνιθοκόμοις
594 2695 642 2757 ap.
664 2671 783 2741 Athen.
804 2672 880 2738 XIV
894 2696 926 2758 p.
942 2674 1045 2757 6552).
1080 2673 1117 2739 Id
1138 2696 1212 2740 cum
1233 2697 1299 2740 non

126 2779 337 2867 improbabile
353 2782 446 2856 esset,
462 2801 536 2844 eum
549 2801 616 2845 non
630 2780 769 2847 multum
782 2781 994 2863 morabamur,
1010 2781 1064 2866 qui
1079 2782 1166 2868 apud
1179 2782 1298 2848 Athen.

124 2915 156 2978 p.
179 2895 262 2959 398a
282 2888 419 2954 fidenter
438 2888 639 2970 pronuntiat:
662 2880 883 2973 ,,ὠνόμασται
905 2885 941 2953 δέ
961 2877 1050 2966 ταῶς
1070 2881 1140 2955 ἀπὸ
1160 2891 1221 2974 τῆς
1240 2883 1296 2953 τά·
1315 2904 1363 2955 aso

126 3019 210 3076 σεως
228 2998 294 3061 τῶν
315 2997 482 3078 πτερῶν“;
508 2999 579 3061 tum
592 3019 723 3082 prorsus
742 2998 832 3064 illum
854 2998 1090 3079 contemsimus,
1113 2999 1152 3064 de
1174 2996 1299 3084 origine

126 3107 214 3174 vocis
228 3105 407 3171 Varronem
429 3104 515 3169 nacti
537 3105 803 3190 adstipulatorem
825 3106 868 3188 (V
885 3114 922 3173 11
937 3129 967 3191 p.
986 3111 1023 3174 81
1040 3104 1106 3191 Sp.)
1129 3110 1163 3172 et
1180 3106 1299 3172 doctis·

127 3216 243 3282 simum
265 3203 437 3295 λεξιλόγον
452 3211 681 3300 Adelungium.
716 3212 813 3278 Hunc
827 3215 1047 3280 attendamus:
1068 3212 1203 3294 „welche
1219 3212 1299 3295 (Na-

125 3325 212 3405 men)
243 3321 455 3406 insgesammt
487 3320 558 3385 eine
588 3318 828 3407 Nachahmung
857 3322 961 3388 seines
998 3321 1199 3387 nattrh'chen
1233 3321 1296 3388 Ge-

126 3428 265 3496 schreies
280 3427 360 3506 sind,
374 3425 519 3506 welches,
536 3427 712 3494 besonders
726 3429 780 3494 bei
795 3429 851 3494 der
857 3428 1055 3511 Pfauhenne,
1070 3429 1144 3495 sehr
1155 3429 1297 3504 deuthch

125 3538 248 3604 Pla-u
274 3536 400 3601 lautet“.
441 3535 592 3620 Denique
624 3536 800 3603 iucundum
828 3540 908 3617 erat,
939 3559 1012 3602 cum
1037 3539 1076 3603 de
1102 3536 1296 3622 aspiratione

126 3646 325 3711 Buttmanno
358 3642 491 3708 eandem
525 3644 742 3709 coniecturam
774 3644 923 3710 incidisse
959 3644 1298 3724 animadvertemus,

126 3775 260 3840 gramm.
282 3749 313 3816 Π
334 3755 353 3817 2
373 3774 404 3836 p.
426 3754 487 3818 380
509 3749 557 3835 <1²
576 3774 608 3836 p.
625 3758 663 3818 27
686 3751 781 3838 not).
803 3790 843 3800 —
865 3752 973 3818 Aliam
994 3774 1122 3818 causam
1143 3753 1379 3834 indicantum)

126 3859 306 3926 Bohlenius
320 3858 354 3923 in
370 3859 493 3924 dissert.
516 3860 555 3924 de
575 3865 704 3926 mercat
725 3861 842 3928 veteris
865 3859 984 3939 Indiae,
1006 3861 1115 3946 script.
1137 3884 1201 3930 soc.
1218 3861 1296 3929 Ger-

126 3990 209 4036 man.
231 3967 311 4053 Reg.
332 3964 348 4030 I
370 3988 400 4050 p.
422 3973 471 4032 71.
514 3965 645 4033 Scilicet
665 3968 803 4036 Arabica
823 3991 905 4054 pavo
929 3974 978 4034 est
999 3968 1158 4050 ,‚Tawus“.

593 4208 824 4219 m
