3008 4980
305 339 326 392 5.
350 335 469 405 Reliqua,
485 335 643 408 hugmouta
661 335 881 406 chorographico
898 338 928 390 ot
945 335 1140 408 geographica.
1248 343 1306 407 231

650 498 802 572 Σελλοί.

219 641 250 700 Β
271 643 331 706 659
355 634 416 723 τήν
438 627 522 719 άγεό
547 632 585 714 ἐξ
600 629 741 721 Ἐφύρης
760 639 915 719 ποταμοῦ
938 629 1008 701 άπο
1030 629 1247 724 Σελλήεντοςε
1273 632 1305 722 (‘

139 744 257 831 διπλῆ)
279 740 331 809 ὅτι
354 736 517 832 ήἜφυρα
540 739 621 831 αῦτη
647 738 742 829 ἑτέρα
763 739 832 808 ἐστὶ
851 745 911 830 τής
932 740 1117 831 Κορίνθου,
1141 746 1201 831 τῆς
1225 747 1309 810 Θεσ-

140 847 285 935 πρωτίας
307 843 398 917 οὖσα.
438 848 496 914 καί
521 847 574 917 ὅτι
599 849 658 917 σῦν
683 854 730 936 τηῦ
751 873 772 915 σ
791 846 977 939 Σελλήεντα
998 850 1056 918 τὸν
1077 850 1232 936 ποταμὸν
1253 848 1309 918 λέ-

141 980 198 1043 χει,
223 953 281 1046 ἀφ’
303 947 342 1024 οῦ
365 957 402 1024 τὸ
426 961 612 1044 παροικοῦν
633 953 735 1037 έθνος
748 958 893 1037 Σελλοῦς
913 958 1021 1024 καλεῖ·
1045 955 1076 1025 οἱ
1098 957 1135 1024 δέ
1156 956 1309 1042 νεώτεροι

142 1067 240 1148 (Piud.
261 1069 298 1133 fr.
318 1072 370 1150 31)
389 1060 524 1144 Ἑλλοῦς
545 1062 676 1152 λέχουσι
699 1065 933 1154 πλανηθέντες.
968 1068 1114 1134 Pertinet
1133 1069 1173 1133 ud
1187 1073 1307 1147 11234,

140 1177 196 1241 ubi
210 1177 359 1263 legimus:
382 1168 471 1264 ἀμφὶ
485 1172 522 1241 δὲ
535 1169 674 1240 Σελλοίι
696 1171 727 1262 (ή
746 1174 789 1261 δ.)
808 1173 893 1257 πρὸς
912 1173 950 1241 τὸ
972 1178 1032 1263 τής
1053 1178 1185 1264 γραφῆς
1206 1170 1308 1263 άμφί-

139 1281 252 1366 βολον·
283 1278 315 1351 οἱ
342 1280 403 1367 μέν
429 1282 491 1368 γὰρ
512 1276 672 1360 Σελλοῦς,
699 1277 731 1348 οἱ
753 1280 789 1348 δέ
808 1281 942 1361 Ἑλλοῦς
964 1279 1161 1364 ἐξεδέξαντο.
1198 1281 1309 1348 δεῖδὲ

142 1392 227 1455 νοεῖν
247 1387 291 1470 ὡς
311 1386 399 1458 ἔστιν
419 1387 456 1456 έκ
478 1386 627 1478 πλήρους
647 1386 769 1456 Σελλοί
790 1395 845 1476 (so.
867 1416 934 1459 non
957 1386 1045 1479 ἀμφὶ
1065 1388 1103 1456 δέ
1119 1384 1147 1456 o'
1168 1383 1307 1475 Ἑλλοδ·

140 1496 280 1583 καὶγὰρ
310 1493 328 1564 ῦ
356 1497 533 1583 συνορίζων
561 1502 632 1576 τοῖς
656 1494 776 1577 τόποις
800 1498 953 1584 ποταμὸς
978 1493 1150 1585 Σελλήεις,
1180 1490 1238 1586 ἀφ’
1269 1485 1309 1563 οῦ

140 1600 248 1683 εἰκὸς
259 1604 335 1684 τοῦς
347 1602 532 1692 παροίκους
549 1604 899 1685 Σελλοῦςααλεῖσθαι.
935 1608 1039 1675 Strab.
1055 1606 1117 1673 VH
1131 1613 1192 1675 328
1207 1601 1308 1672 πότε·
1415 1602 1417 1607 ’

139 1737 197 1797 ρον
220 1711 256 1780 δέ
275 1714 333 1803 χρή
359 1711 466 1803 λέγειν
484 1707 635 1792 Ἑλλοός,
660 1707 705 1792 ὥς
725 1711 910 1797 Πίνδαρος,
935 1709 958 1803 ἢ
979 1710 1132 1807 Σελλοάς,
1157 1709 1202 1792 ὡς
1222 1709 1308 1779 ὑπο-

140 1825 254 1887 νοοῦσι
281 1824 377 1906 (rides
398 1813 620 1889 Aristarchoos
647 1823 833 1908 significari)
862 1816 939 1908 παρ’
960 1818 1095 1910 Ὁμήρῳ
1120 1824 1258 1888 κεῖσθαι
1284 1812 1390 1910 ή(240)

140 1928 250 2019 γραφή
268 1923 459 2018 ἀμφίβολος
473 1921 556 1996 οῦσα
571 1923 630 1996 οῦκ
646 1926 686 2018 ἐᾷ
706 1926 979 2016 διισχυρίζεσθαι.
1014 1933 1203 1999 Adscribam
1225 1955 1308 2017 quoo

139 2042 317 2124 sequuntur
331 2041 415 2122 apud
429 2038 629 2119 Strabonem,
651 2040 735 2105 undo
751 2041 919 2124 apparebit
937 2045 974 2106 ut
987 2041 1192 2106 Aristarchus
1215 2063 1308 2105 suum

140 2148 266 2213 duxerit
280 2147 443 2213 attendero
466 2147 544 2233 quid
557 2147 719 2212 Homerus
741 2148 864 2233 aperire
884 2147 963 2213 velit
985 2151 1017 2212 et
1038 2152 1075 2212 ut
1089 2147 1307 2231 Apollodorus

139 2256 292 2342 magistro
327 2278 385 2320 suo
416 2255 588 2323 obsecutus
616 2255 666 2320 sit.
721 2249 906 2339 Φιλόχορος
933 2249 971 2318 δέ
1005 2276 1088 2342 φησι
1116 2255 1175 2340 (sio
1200 2255 1308 2340 pergit

140 2364 267 2447 Strabo)
299 2361 355 2428 καί
390 2360 448 2429 τὸν
480 2359 557 2447 περὶ
586 2355 754 2448 Δωδώνην
786 2356 891 2427 τόπον
922 2355 1034 2444 ὥσπερ
1066 2359 1127 2449 τήν
1158 2354 1308 2446 Εῦβοιαν

135 2465 317 2538 Ἐλλοπίαν
339 2470 517 2559 κληθῆναι.
554 2467 611 2535 καί
636 2468 697 2555 χὰρ
716 2463 876 2535 Ἡσίοδον
902 2464 988 2535 οῦτω
1015 2465 1123 2554 λέγειν
1144 2463 1236 2555 „itu
1257 2492 1308 2546 τις

135 2573 296 2667 (Ελλοπίη
323 2572 508 2667 πολυλήϊος
533 2571 589 2667 ἠδ’
620 2571 793 2661 εῦλείμων·
825 2571 911 2642 ἔνθα
939 2573 976 2641 δέ
1001 2573 1149 2665 Δωδώνη
1174 2601 1226 2654 τις
1253 2573 1305 2642 ἐπ’

139 2684 272 2777 ἐσχατιῇ
290 2681 522 2755 πεπόλισταιίί.
563 2680 693 2752 οἴονται
715 2683 763 2765 δέ,
787 2682 887 2774 φησίν
907 2679 924 2751 δ
944 2678 1213 2768 Ἀπολλόδωρος,
1236 2677 1306 2750 άπὸ

137 2797 203 2860 τιῦν
217 2789 300 2861 έλιῦν
313 2798 376 2860 τῶν
391 2792 468 2878 περί
480 2791 518 2861 τὸ
533 2788 623 2880 ἱερὸν
644 2789 731 2860 οῦτω
747 2793 942 2858 καλεῖσθαι·
962 2790 1019 2859 τὸν
1036 2788 1152 2875 μέντοι
1167 2790 1309 2881 ποιητήν

139 2897 177 2969 οῦ
203 2899 311 2988 λέγειν
333 2897 481 2980 Ἓλλοός,
516 2895 603 2967 ἀλλὰ
629 2898 774 2979 Σελλοῦς
798 2895 1033 2984 ὑπολαμβάνει
1061 2898 1138 2977 τοῦς
1162 2898 1241 2986 περὶ
1269 2899 1306 2965 τὸ

138 3004 236 3095 ἱερόν,
261 3009 425 3095 προσθείς
438 3007 490 3078 ὅτι
504 3008 561 3076 καί
574 3004 759 3097 Σελλήεντά
773 3032 846 3075 τινα
860 3002 1019 3093 ὀνομάζει
1040 3003 1202 3092 ποταμόν.
1231 3002 1306 3075 ὀνο-

137 3113 238 3205 μάζει
270 3117 330 3202 μέν
364 3111 422 3186 οῦν
452 3116 531 3187 ὅταν
557 3122 605 3209 φῇ
630 3110 801 3205 ,μηλόθεν
825 3115 863 3199 ἐξ
885 3112 1025 3207 Ἐφύρης
1052 3119 1207 3200 ποταμοῦ
1237 3110 1306 3182 άπὸ
1366 3145 1371 3155 ·

137 3219 371 3314 Σελλήεντοςῑῑ.

607 3382 837 3393 -u-——uvu-

641 3521 802 3604 Σίντιες.

220 3682 283 3746 Hio
297 3682 435 3768 populus
452 3684 500 3747 est
513 3680 669 3745 Lemnum
690 3679 848 3744 habitans.
882 3678 1034 3763 Apollon.
1050 3679 1110 3746 lex.
1127 3678 1222 3743 Hom.
1239 3683 1307 3744 720.
1403 3638 1408 3661 Ι

557 4015 682 4080 Troia.
726 4014 894 4080 Troiani.
1325 4035 1373 4084 235

225 4175 255 4233 (Ι)
270 4177 329 4239 544
352 4163 384 4255 (ἡ
401 4166 518 4254 διπλή)
540 4161 592 4231 ὅτι
614 4159 796 4249 ὁμωνύμως
815 4168 856 4254 τῇ
874 4157 967 4251 χώρηι
988 4161 1048 4248 τήν
1061 4155 1166 4229 Ἴλιον
1185 4156 1308 4248 Τροίαν

139 4272 274 4364 εἴρηκεν.
318 4279 426 4345 Ε200
456 4268 487 4361 (ή
507 4272 625 4359 διπλή)
654 4271 707 4340 ὅτι
740 4268 772 4340 oi
797 4271 856 4361 τήν
883 4269 1024 4338 Ζέλειαν
1052 4265 1218 4347 οἰκοῦντες
1238 4265 1306 4334 ῦπδ

138 4380 302 4478 τήνἺδην
322 4381 380 4450 καὶ
400 4379 465 4453 ὑπὸ
489 4375 669 4466 Πάνδαρον
695 4383 805 4467 Τρῶες
827 4378 987 4467 έλέχοντο.
1032 4383 1139 4449 E211
1162 4371 1307 4464 ήχεόμην
