3008 4980
442 340 472 390 3.,
494 337 645 405 καμμονίη.
676 331 785 392 ἱππότα
803 341 832 392 et
848 330 1000 406 ἱππηλάτα.

611 596 820 689 Καμμονίη
1319 620 1366 670 105

134 781 198 822 κοιι
217 755 316 821 omnis
336 756 467 820 victoria
488 768 546 836 est,
570 754 628 819 εοιί
652 779 731 841 quae
751 769 893 841 paratur
919 755 1032 820 stando
1059 770 1089 820 οι
1114 756 1302 822 minando.

222 925 255 984 Ψ
275 929 333 989 661
365 916 417 986 δτι
448 917 505 985 οὐκ
531 915 617 985 ἔστιν
643 913 678 985 έν
700 913 777 984 ἄνθ’
808 915 881 998 ἑνὸς
902 915 1067 1009 καμμονίη
1090 915 1180 1007 νίκη,
1204 916 1249 998 ὡς
1271 916 1303 986 οἱ

135 1018 402 1116 γλωσσογράφοι,
428 1021 500 1092 άλλ1
525 1021 543 1116 ἡ
567 1024 604 1093 έκ
625 1025 760 1093 πολλῶν
781 1030 814 1112 (l.
836 1031 1047 1116 καταμονῆςγ·
1069 1025 1123 1093 διδ
1147 1024 1204 1093 ἐπὶ
1226 1026 1303 1112 δρο-

133 1133 224 1220 μέων
243 1130 280 1203 ού
295 1128 419 1214 τάσσει,
444 1129 516 1200 ἀλλ’
540 1132 598 1200 έπί
617 1138 684 1200 τῶν
705 1130 931 1202 πυκτευόντων
952 1133 1008 1201 καί
1028 1130 1303 1219 μονομαχούντων

136 1249 184 1331 (Χ
204 1250 291 1328 257),
319 1240 382 1326 μία
410 1247 442 1330 (L
462 1240 558 1328 μετά)
587 1241 648 1330 γὰρ
677 1247 873 1333 καταμονῆς.
916 1250 953 1308 Χ
967 1252 1028 1312 257
1055 1239 1086 1332 (ἡ
1110 1242 1225 1332 διπλῆ)
1252 1239 1303 1308 ὅτι

135 1348 300 1439 καμμονίη
322 1348 395 1439 νίκη
418 1345 455 1418 ού
481 1350 691 1430 καθολικῶς,
722 1349 808 1417 ἀλλὰ
830 1347 849 1441 ἡ
873 1351 910 1416 ἐκ
931 1354 1131 1440 καταμονῆς·
1163 1348 1216 1417 διὸ
1247 1347 1303 1416 ἐπὶ

133 1465 199 1527 τιόν
225 1452 500 1542 μονομαχούντων
521 1456 578 1525 καί
599 1452 825 1525 πυκτευόντων
845 1453 995 1545 τίθησιν,
1017 1456 1075 1524 ἐπί
1096 1455 1133 1524 δέ
1155 1455 1304 1542 δρομέων

135 1564 256 1638 ούκέτι.
295 1569 386 1637 Eust.
407 1571 443 1631 X
462 1574 523 1635 257
551 1562 717 1654 καμμονίη
745 1564 782 1632 δέ
804 1561 863 1647 οόχ
890 1561 1006 1645 άπλιῦς
1027 1563 1046 1656 ἡ
1068 1563 1156 1654 νίκη,
1191 1554 1304 1654 οἷονὴ

134 1682 199 1743 τυὶν
223 1673 371 1765 δρομέων
392 1668 413 1763 ἢ
433 1679 496 1739 τῶν
518 1670 663 1753 ἱππέων,
693 1668 765 1738 ἄλλ’
795 1671 814 1764 ἢ
843 1673 880 1740 έκ
902 1677 1103 1763 καταμονῆς,
1133 1668 1178 1752 αἱς
1200 1670 1303 1763 ἡτῶν

133 1780 409 1869 μονομαχούντων
434 1780 490 1847 καί
510 1775 745 1879 πυκτευόντων.
790 1771 883 1848 οὗτοι
909 1782 970 1868 γάρ
997 1778 1233 1866 καταμένοντες
1260 1777 1304 1858 αἱς

133 1892 303 1960 τὰπολλὰ
325 1889 382 1957 καὶ
404 1891 691 1977 διακαρτεροῦντες
712 1883 919 1974 ἀποκάμνειν
939 1890 1016 1970 τοὺς
1036 1888 1203 1969 ἐναντίους
1223 1914 1304 1956 ποι-

136 2004 211 2068 σόοι
233 1998 289 2066 καί
311 1996 396 2066 οὕτω
418 2002 544 2068 νικῶσι.

601 2171 832 2180 ------...

492 2325 658 2396 Ἱππότα
682 2337 715 2399 et
735 2327 943 2420 ἱππηλάτα
971 2417 974 2422 1

180 2487 265 2571 falso
287 2500 447 2572 acceptum
468 2511 489 2549 α
510 2484 697 2570 ηυίόιιαοίαυι
711 2509 774 2570 pro
795 2486 937 2573 Ῑιιηίιίυσ,
960 2511 1030 2549 υκαι
1051 2484 1263 2550 demonstrari

379 2596 482 2680 possit
502 2593 538 2656 ιὀί
557 2617 619 2658 που
639 2594 821 2680 είγυῂίοσνί
836 2593 894 2658 sed
913 2596 1051 2680 equitem.

219 2760 323 2827 Ττείτ.
346 2759 422 2827 Hes,
445 2763 600 2828 scu1.216
622 2754 751 2826 ἱππότα
769 2752 933 2846 Περσεύς·
954 2756 1039 2822 κατά
1060 2755 1138 2835 τοὶς
1158 2758 1306 2842 γλωσσο-

136 2862 284 2954 γράφσυς
317 2869 388 2949 (ins.
417 2863 515 2951 ἐστίν)
545 2862 691 2955 ἱππότην
727 2863 861 2934 άκούειν
889 2864 946 2934 τὸν
976 2862 1119 2955 φυγάδα.
1165 2867 1307 2933 Ariston.

136 2972 241 3046 5117
256 2966 385 3040 ἱππότα
403 2968 535 3052 Οίνεύςε
557 2971 589 3062 (ἦ
608 2975 722 3065 διπλόη)
745 2971 798 3042 ότι
819 2959 1007 3059 ἐλέγχονται
1030 2969 1062 3040 οἱ
1081 2972 1140 3042 τὸν
1161 2969 1307 3062 ἱππότην

137 3074 357 3159 ἀποδιδόντες
379 3077 529 3170 φυγάδα·
552 3077 571 3149 ὁ
595 3082 656 3169 γὰρ
684 3077 800 3162 Οἰνεύς
820 3078 1011 3164 κατέμεινεν
1033 3080 1090 3148 έπί
1110 3085 1168 3172 τῆς
1187 3076 1307 3166 πατρί·
1319 3087 1387 3154 (113)

139 3189 205 3267 δος.
239 3189 285 3258 Id.
313 3183 465 3258 1190111‘
491 3186 593 3274 ὃμὲν
614 3185 739 3258 αὐτόθι
758 3193 864 3273 μεῖνεε
893 3186 944 3256 ὅτι
972 3184 989 3256 ὁ
1018 3185 1133 3270 Οἰνεύς
1152 3187 1306 3274 κατέμει-

137 3321 190 3362 νεν
203 3292 261 3363 έπί
277 3300 337 3384 τῆς
350 3293 520 3386 πατρίδος,
544 3294 562 3365 ὃ
586 3296 648 3384 (δέ)
668 3293 813 3387 ἱππότης
832 3291 898 3383 άρα
914 3292 951 3365 ού
969 3292 1086 3388 φυγάς,
1110 3293 1183 3364 ἀλλ’
1203 3295 1307 3365 ἱππι-

137 3399 205 3483 κός.
240 3406 332 3475 Εαεὶ.
354 3432 384 3493 p.
408 3413 480 3488 305,
501 3416 521 3474 4
552 3405 605 3474 διὸ
634 3405 691 3473 καί
714 3401 859 3493 ἱππότης
880 3410 935 3472 νύν
957 3401 1117 3494 εἰρῆσθαι
1140 3406 1308 3475 δοκεῖκαὶ

138 3507 238 3591 αύτὸς
267 3506 339 3578 άντί
370 3517 429 3579 τοῦ
456 3511 578 3603 φυγάς·
620 3516 728 3581 κεῖται
759 3510 821 3601 γάρ
853 3539 935 3582 ποτε
965 3514 1003 3583 τό
1030 3509 1176 3604 ἱππότης
1200 3509 1307 3599 όνομα

136 3619 221 3688 κατὰ
255 3619 333 3699 τοὺς
368 3618 647 3711 γλωσσογράφους
686 3622 743 3690 καί
782 3620 839 3689 έπί
868 3622 1017 3690 τοιούτου
1053 3621 1308 3711 σημαινομένου.

136 3731 275 3815 Hesyeh.
297 3724 441 3796 ἱππόται
462 3725 615 3819 ἱππότης,
637 3724 794 3809 ἱππικός·
818 3727 850 3797 οἱ
873 3728 909 3796 δέ
931 3727 1084 3819 νεώτεροι
1106 3727 1223 3822 φυγάς,
1248 3727 1308 3798 οὐκ

137 3828 186 3903 εδ·
216 3832 355 3902 κάλλιον
381 3837 441 3922 γὰρ
469 3835 660 3930 ἐπιστήμων
686 3838 839 3931 ἱππικῆς,
869 3835 1107 3919 ἱππικαίτατος.
1152 3834 1252 3908 άλλοι
1274 3843 1307 3926 (1.

137 3938 260 4029 άλλως)
286 3940 485 4035 ἱππηλάτης.
534 3948 599 4016 Ubi
625 3946 779 4034 νεώτεροι
799 3973 866 4015 non
888 3956 965 4016 sunt
985 3951 1179 4016 recenbiores
1200 3972 1307 4036 gram-

137 4054 262 4131 matici,
292 4078 372 4139 quae
395 4056 521 4121 Heinsii
551 4037 711 4122 sen1entia
738 4058 800 4123 fuit
827 4058 868 4122 ad
889 4058 1020 4125 Hesiod.
1049 4062 1128 4124 scut.
1151 4059 1172 4122 l.
1194 4059 1228 4141 1.,
1250 4059 1306 4123 sed

136 4161 280 4227 Homero
302 4163 496 4246 posberiores
518 4170 643 4249 poetae.
679 4166 787 4250 Apoll.
807 4167 868 4233 lex.
882 4166 922 4234 H.
943 4191 973 4252 p.
988 4173 1048 4235 440
1070 4159 1199 4232 ἱππότα
1221 4168 1306 4252 (cod.

136 4261 313 4354 ἱππότᾳι>ε
340 4263 446 4352 οἱμὲν
467 4265 620 4355 νεώτεροι
640 4265 787 4360 ἱππότην
807 4272 864 4340 τὸν
887 4269 1020 4361 φυγάδα
1043 4269 1204 4358 λέγουσιν,
1228 4268 1305 4359 ,,ἱπ-
1325 4293 1372 4345 106

137 4371 227 4441 πότα
251 4378 392 4457 Φοίνιξί(
420 4379 520 4463 (quod
545 4403 611 4446 non
634 4386 683 4447 ευὶ
710 4382 795 4467 apud
817 4382 1009 4464 Homerum,
1036 4405 1231 4468 quamquam
1257 4385 1306 4446 συί
