3008 4980
223 299 282 360 116
303 289 337 346 11.
365 290 405 344 De
423 289 599 346 Armterehee
614 291 813 347 vocabulorum
829 289 1038 346 Homerieorum
1053 285 1296 358 interpretatione.

715 556 891 645 Ἑταῖρος

675 715 695 780 i.
718 737 746 797 q.
768 706 930 797 συνεργός.

304 882 340 940 Ν
351 883 412 946 456
432 871 658 963 ἓταρίσσαιτοι
681 874 733 943 ὅτι
756 872 830 943 ἀντὶ
846 880 907 943 τού
929 873 1083 962 συνεργὸν
1106 870 1217 958 λάβοι.
1246 874 1337 961 πρὸς
1355 878 1396 945 τὸ

221 978 381 1066 ,,ῖκμενον
408 975 507 1068 οὖρον
533 985 579 1051 ἵει
606 982 803 1073 πλησίστιον
824 983 949 1051 ἐσθλὸν
970 979 1125 1070 ἐταῖρον“
1147 982 1179 1067 (λ
1202 990 1231 1053 7.
1258 1007 1285 1066 μ
1309 989 1397 1069 149).

219 1097 250 1158 K
272 1099 334 1161 242
365 1088 417 1157 ὅτι
444 1091 561 1179 ἐσαρον
585 1098 641 1160 νῦν
669 1089 706 1159 ού
731 1089 845 1183 φίλον,
875 1087 963 1157 ἀλλὰ
992 1089 1147 1178 συνεργὸν
1173 1085 1273 1175 λέγει.
1310 1090 1331 1178 ἡ
1359 1090 1397 1157 δέ

220 1194 375 1288 ἀναφορὰ
396 1200 482 1286 πρὸς
500 1201 538 1270 τὸ
563 1198 824 1288 ,,ἐταρίσσαιτο“
847 1195 919 1266 ἀντὶ
939 1205 999 1267 τοῦ
1018 1197 1171 1287 συνεργὸν
1193 1192 1305 1281 λάβοι.

701 1533 894 1603 Σπεύδειν

297 1692 402 1754 erebro
422 1692 578 1778 α’ρυῂῒσαι
597 1713 723 1776 operam
743 1692 830 1768 dare,
852 1689 898 1753 ad
918 1690 1053 1754 laborem
1069 1703 1220 1774 paratum
1240 1714 1316 1756 esee.

301 1854 383 1922 Item
405 1854 535 1944 σπουδῇ
555 1857 576 1920 i.
599 1879 628 1941 q.
649 1851 754 1940 μόγις.

301 1967 333 2027 Δ
354 1970 416 2031 232
438 1956 470 2048 (ν)
495 1961 537 2046 δ.)
559 1959 611 2029 ὅτι
631 1960 669 2028 τὸ
692 1956 895 2040 σπεύδοντας
922 1957 980 2043 ούχ
1002 1953 1075 2029 οἷον
1094 1958 1293 2044 ταχύνοντος
1315 1951 1389 2027 ἄλλ’

220 2066 428 2154 ἐνεργοῦντας
442 2068 499 2135 καὶ
512 2074 803 2146 κακοπαθοῦντας.
826 2070 982 2161 ,σπουδῇ
998 2065 1030 2135 δ’
1049 2069 1137 2150 ἐζετο
1153 2066 1262 2148 taem
1278 2074 1322 2154 (B
1336 2078 1390 2155 99)

217 2175 300 2260 μετὰ
323 2173 432 2266 πάσης
452 2174 697 2256 κακοπαθείας.
743 2181 773 2243 Θ
792 2185 853 2247 293
874 2177 1075 2244 σπεύδοντας
1101 2173 1172 2244 ύντί
1194 2181 1277 2264 (τοῦ)
1304 2202 1390 2261 προ-

217 2282 337 2370 θύμως
362 2282 564 2374 ἐνεργοῦντα.
613 2292 648 2350 Ν
671 2295 731 2356 236
760 2281 791 2373 (ἡ
819 2286 860 2369 δ.)
889 2283 1002 2354 ὅτιτὸ
1030 2283 1186 2353 σπεύδειν
1212 2281 1274 2352 οὐκ
1301 2281 1390 2353 ἐστιν

218 2392 275 2459 ἐπὶ
295 2398 354 2460 τοῦ
373 2391 531 2476 ταχύνειν,
557 2388 629 2459 ἀλλ’
648 2391 705 2460 ἐπὶ
724 2398 783 2459 τοῦ
806 2392 946 2478 ἐνεργεῖν
962 2397 1024 2480 (Α).
1046 2394 1130 2478 μετὰ
1151 2390 1392 2473 κακοπαθείας

217 2502 274 2569 καὶ
293 2501 526 2587 ταλαιπωρίας
546 2501 687 2589 ἐνεργεῖν
708 2503 794 2587 (BL).
829 2506 858 2565 Σ
876 2509 935 2571 373
959 2499 1068 2569 ὅτιτὸ
1090 2499 1275 2570 σπεύδοντα
1299 2501 1389 2589 ἐνερ-

218 2617 346 2700 γοῦντα.
379 2615 662 2701 (Frequentissime
677 2613 762 2697 apud
776 2611 968 2677 Homerum:
989 2636 1118 2700 pugnae
1131 2615 1293 2679 intentum
1309 2636 1388 2680 esse.

218 2725 312 2803 Quod
339 2727 515 2790 tenendum
541 2725 570 2785 E
590 2724 670 2803 667.)
693 2759 732 2766 —
754 2723 784 2781 B
805 2727 845 2788 99
872 2718 925 2785 ὅτι
951 2722 1082 2810 σπουδῇ
1111 2717 1200 2805 λέγει
1231 2713 1289 2800 οὐχ
1316 2743 1389 2786 σιον

218 2831 251 2897 ἐν
265 2828 368 2913 τείχει,
392 2826 479 2897 ἀλλὰ
501 2825 600 2914 μόγις
621 2825 678 2893 καὶ
700 2827 869 2912 δυσχερῶς,
892 2821 938 2904 ὡς
960 2826 997 2894 τὸ
1020 2818 1087 2912 ,,ὡ’ς
1109 2821 1158 2909 ἐρ’
1184 2821 1260 2911 δι’τερ
1284 2848 1390 2892 σπου-

218 2940 279 3025 δῆς
303 2937 438 3004 τάνυσεν
467 2936 554 3022 μέγα
583 2932 681 3016 τόξον
704 2930 899 3013 Ὀδυσσεύς(
927 2937 970 3024 <φ
996 2938 1082 3022 499).
1122 2936 1212 3002 Idem
1238 2939 1388 3001 notatum

216 3052 254 3111 A
276 3055 345 3116 562.
380 3053 416 3110 N
434 3054 503 3116 687.
540 3048 573 3108 Ψ
593 3052 641 3113 37.
686 3046 736 3110 De
767 3038 914 3109 ἀσπουδί
943 3047 973 3109 Θ
994 3052 1064 3114 512.
1103 3047 1220 3112 0476.
1261 3048 1299 3106 Χ
1318 3049 1387 3112 304.

217 3155 324 3222 Semel
344 3154 472 3243 σπουδῇ
495 3154 653 3236 signifieat
675 3153 832 3233 celeriter,
855 3175 873 3216 ο
895 3160 955 3222 209
978 3156 1017 3235 (v.
1037 3152 1134 3218 schol.
1153 3149 1205 3216 BL
1225 3151 1266 3216 ad
1280 3153 1311 3213 Β
1325 3154 1387 3234 99).

153 3526 200 3576 117
728 3502 872 3582 Δειλός

530 3660 717 3742 plerumque
737 3660 886 3721 νυνεοιυιυι
906 3660 1069 3744 ee‘ym'fleat.

135 3839 205 3910 (12³)
306 3827 338 3886 Ψ
358 3830 397 3891 65
425 3807 477 3886 ὅτι
504 3820 543 3887 τὸ
573 3822 700 3887 δειλοῖο
727 3787 886 3890 δειλαίου,
931 3829 968 3886 Χ
987 3831 1025 3891 31
1053 3819 1105 3888 ὅτι
1134 3821 1293 3887 δειλοῖσιν
1312 3815 1386 3888 ἀντὶ

215 3934 275 3997 τού
297 3925 469 4006 δειλαίους.
509 3930 590 3996 Item
618 3934 648 3993 P
670 3938 718 3999 38.
768 3931 927 4012 (Revera
953 3932 1053 3997 semel
1079 3936 1205 3996 tantum
1231 3932 1385 4016 ignavum

217 4040 385 4126 signifieat.
420 4039 611 4104 Rectissime
635 4040 673 4104 de
696 4040 757 4104 hae
777 4062 854 4103 voce
878 4042 945 4124 egit
967 4040 1162 4121 Passovius.)
