3008 4980
216 332 256 394 92
307 325 342 380 11.
361 323 402 379 De
419 322 599 378 Aristarchca
615 322 813 377 vocabulorum
829 320 1038 377 Homericorum
1054 320 1295 392 interpretatione.

215 486 319 556 πάλιν
346 480 439 566 αὖτις
465 491 557 556 aliter
586 491 706 556 dietum
730 494 827 573 atque
854 491 884 552 E
903 495 963 556 257
992 491 1025 553 et
1051 489 1140 554 alibi:
1169 510 1256 553 nunc
1283 487 1386 554 Ther-

217 602 293 666 sites
318 622 375 684 per
392 598 520 664 Ulixem
544 619 708 681 repressus
730 600 791 679 est,
812 618 871 660 neo
892 599 978 660 retro
1000 617 1109 661 rursus
1131 618 1205 660 eum
1232 595 1387 660 immittet

216 708 342 772 animus
362 706 461 773 ferox.
502 703 566 771 Sed
586 704 668 768 illud
689 707 835 788 superest
857 703 944 788 quod
965 703 1151 768 notandum.
1195 703 1386 769 Observavit

216 813 420 879 Aristarchus
455 811 598 876 fabulam
634 811 673 875 111
706 811 846 890 Graecis,
886 814 1059 894 antequam
1091 831 1180 874 oram
1211 809 1386 875 Troianam

216 925 399 1005 tangerent,
415 907 463 984 'in
487 918 624 1003 Mysiam
652 918 693 981 ad
720 917 899 1003 Telephum
927 916 1040 982 delatis
1068 916 1211 982 Homero
1238 917 1387 1003 ignotam

135 1029 205 1100 (1⁰1)
219 1051 296 1094 1111.
334 1027 500 1112 Originem
520 1047 595 1090 vero
617 1025 786 1110 fingendae
808 1023 936 1089 fabulae
957 1025 1082 1108 putavit
1102 1024 1338 1109 posterioribus
1352 1025 1385 1090 in

216 1135 358 1200 Homero
380 1133 486 1212 fuisse,
508 1154 582 1198 cum
603 1131 692 1196 illam
712 1131 849 1196 Achillis
872 1131 1051 1196 orationem

168 1241 200 1291 92
495 1241 551 1302 νῦν
572 1231 662 1320 άμμε
682 1229 1023 1321 παλιμπλαγχθέντας
1044 1231 1106 1302 ὀίω

298 1340 351 1434 aa
372 1339 612 1432 ἀπονοστήσειν

216 1456 421 1522 Homericam
434 1454 582 1520 vocabuli
599 1454 663 1518 vim
677 1454 863 1538 ignorantes
886 1451 1106 1538 intelligerent
1125 1452 1261 1532 „iterum
1281 1474 1385 1517 erran-

215 1567 288 1628 tes“.
324 1567 361 1626 A
383 1568 422 1629 59
451 1556 482 1647 (ἡ
515 1559 632 1647 διπλῆ)
659 1557 744 1643 πρὸς
767 1557 828 1644 τὴν
857 1561 922 1623 τῶν
948 1555 1114 1643 νεωτέρων
1141 1553 1307 1644 ίστορίαν,
1333 1555 1386 1625 ὅτι

216 1665 369 1734 ἐντεῦθεν
404 1665 464 1753 τὴν
494 1665 576 1730 κατὰ
608 1660 745 1730 Μυσίαν
779 1660 927 1751 ἱστορίαν
948 1660 1107 1732 έπλασαν
1136 1668 1210 1753 <pro
1238 1661 1387 1755 ἱστορίαν

216 1771 365 1840 ἔπλασαν
378 1775 604 1841 Friedlaender
623 1771 798 1862 ε’φόρμισιν
815 1768 888 1839 έπλ.
906 1775 957 1841 vel
971 1776 1035 1841 tale
1061 1775 1138 1860 quid
1159 1775 1385 1860 corrigendum

217 1906 286 1949 1111
308 1882 452 1962 coniecit,
473 1876 646 1965 στρατείαν
667 1875 738 1946 aaa.
760 1879 880 1967 Haupt.
903 1905 1010 1968 opusc.
1030 1881 1078 1948 III
1098 1907 1130 1967 p.
1152 1883 1238 1967 645).
1285 1886 1286 1890 ’

683 2120 914 2130 ...m-.—

748 2308 854 2393 Τάχα

216 2489 376 2551 uunquam
397 2467 555 2552 eo‘yucfleat
575 2466 726 2550 sortasse,
750 2465 940 2549 sociatique
961 2467 1107 2549 temporale
1128 2464 1311 2529 adverbium
1332 2479 1385 2531 ast.

300 2630 372 2698 Sch.
389 2630 485 2716 Vulg.
506 2654 527 2693 α
542 2639 600 2699 251
617 2625 697 2717 αὕτη
717 2624 736 2718 ἡ
760 2626 849 2710 λέξις
870 2624 907 2696 οὗ
930 2624 1065 2694 τίθεται
1086 2628 1178 2712 παρὰ
1197 2632 1244 2714 τῷ
1262 2632 1387 2719 ποιητῇ

220 2738 436 2814 διστακτικῶς
451 2736 496 2815 ὡς
517 2734 551 2802 ἒν
570 2739 610 2827 τῇ
631 2731 802 2825 συνηθείᾳ,
824 2730 896 2801 ἀλλ’
920 2728 1073 2803 ἑκάστοτε
1088 2728 1160 2800 ἀντὶ
1178 2738 1238 2800 τοῦ
1251 2731 1384 2816 ταχέως.

219 2847 420 2912 Aristonicus
443 2842 475 2912 Ξ
487 2852 505 2914 8
528 2840 559 2932 (ἡ
576 2844 692 2932 διπλῆ)
715 2841 819 2911 ὅτιτὸ
834 2841 917 2925 τάχα
940 2837 1013 2909 ἀντί
1031 2846 1091 2908 τοῦ
1110 2841 1242 2923 ταχέως.
1276 2842 1386 2910 Incer-

220 2957 290 3018 tum
305 2976 343 3018 ex
356 2953 408 3017 his
422 2953 554 3018 minutis
575 2953 720 3038 reliquiis
741 2953 804 3019 hoo
825 2954 923 3019 etiam
944 2955 984 3018 ab
1007 2976 1045 3018 eo
1060 2953 1258 3017 intellectum
1278 2952 1386 3029 fuerit,

220 3084 345 3144 semper
381 3061 560 3146 significare
596 3063 719 3140 ‚‚m0x“‚
753 3084 920 3146 nunquam
954 3060 1062 3140 „cito“.
1111 3059 1275 3143 Frequens
1308 3083 1386 3124 usus

218 3166 455 3245 minitantibus,
485 3172 523 3232 ut
553 3159 621 3247 τάχ’
652 3158 757 3231 εἴσεαι
783 3191 875 3249 „mox
903 3168 1039 3234 senties“
1065 3171 1097 3232 et
1127 3166 1244 3231 similia
1274 3167 1384 3232 multa.

218 3273 335 3339 Pulcer
368 3275 536 3359 variusque
563 3275 712 3340 vocabuli
742 3298 819 3339 usus
847 3278 975 3340 nostrae
1004 3274 1178 3360 particulae
1205 3273 1386 3339 simillimus

218 3380 333 3446 leniter
360 3381 424 3446 huc
450 3382 527 3446 illuc
555 3381 699 3446 inflexus.
745 3383 777 3443 Ψ
796 3388 857 3449 606
885 3373 922 3446 οὐ
950 3374 1011 3463 γάρ
1039 3376 1095 3444 κέν
1122 3403 1164 3462 με
1188 3372 1256 3459 τάχ’
1284 3373 1390 3458 tator

221 3479 299 3573 ἀνὴρ
327 3483 529 3567 παρέπεισεν
553 3481 708 3567 Ἀχαιῶν,
738 3488 826 3571 quod
851 3510 910 3553 nos
937 3489 1072 3553 dicimus
1097 3487 1204 3569 „nicht
1230 3510 1265 3553 so
1287 3488 1388 3568 bald“,

218 3593 323 3659 Latini
349 3616 453 3680 aegre,
479 3595 567 3660 haud
592 3596 693 3662 facile.
739 3599 778 3658 A
801 3602 861 3663 654
881 3587 964 3674 τάχα
990 3618 1046 3659 κεν
1072 3591 1130 3660 καί
1156 3587 1307 3660 άναίτιον
1333 3588 1388 3659 αί-

218 3692 338 3785 τιόῳτο
374 3702 467 3768 facile
503 3703 658 3786 (videmus
692 3706 730 3767 ut
765 3702 920 3786 gliscente
955 3707 1099 3788 tempore
1134 3704 1316 3788 pervenerit
1347 3704 1388 3768 ad

218 3812 365 3873 nostrum
386 3810 595 3893 „vielleicht“)
618 3810 715 3874 etiam
737 3811 942 3876 innocentem
963 3812 1164 3879 incusaverit.
1202 3811 1247 3877 cf.
1270 3814 1300 3874 B
1315 3816 1387 3879 373.

220 3919 255 3977 Η
279 3922 346 3984 158.
384 3921 423 3979 Π
442 3925 491 3984 71.
513 3924 582 3985 617.
616 3917 702 3983 Hinc
721 3909 789 3996 τάχ’
814 3911 956 3999 ἔμελλεν.
992 3923 1075 3986 Ζ52
1098 3915 1155 3983 καί
1176 3917 1218 4006 δή
1236 3941 1295 4002 μιν
1316 3913 1385 3999 τάχ’

219 4016 336 4104 έμελλε
351 4021 440 4100 θοὰς
461 4021 519 4090 ἐπὶ
539 4027 619 4113 νῆας
630 4017 772 4104 Ἀχαιῶν
795 4020 912 4090 δώσειν
935 4014 962 4111 ᾦ
983 4020 1170 4110 θεράποντι
1192 4021 1388 4109 καταξέμεν·

220 4122 290 4192 ἀλλ’
304 4123 519 4212 Ἀγαμέμνων
539 4125 651 4209 ἀντίος
672 4122 758 4220 ἦλθε
773 4127 865 4196 θέων
880 4134 973 4217 „bald
986 4135 1076 4198 hacce
1093 4156 1127 4199 er
1140 4135 1197 4198 ihn
1212 4134 1388 4220 gegeben“.

220 4238 266 4304 cf.
294 4261 305 4300 ι
335 4243 404 4306 378.
448 4241 485 4301 Λ
513 4246 580 4307 181.
621 4241 654 4302 Ψ
683 4246 752 4307 773.
782 4277 823 4288 —-
854 4241 960 4306 Facile
987 4241 1154 4320 sentimus,
1191 4242 1268 4326 quid
1304 4240 1389 4305 dicat

220 4345 359 4412 Achilles
380 4346 616 4428 Agamemnoni
636 4348 746 4428 iratus,
766 4351 804 4412 A
824 4354 899 4416 204:
