3008 4980
208 353 248 416 68
291 345 327 400 II.
356 343 397 399 De
415 343 593 399 Aristarchea
609 341 808 397 vocabulorum
825 341 1035 397 Homericornm
1051 341 1294 413 interpretatione.

155 517 187 568 ⁰⁷
206 513 372 597 Oppianus
386 512 574 596 perturbare
596 511 658 576 sibi
678 532 745 575 non
766 510 872 574 minus
894 533 991 594 quam
1012 511 1143 596 tragicis
1163 510 1260 575 licere
1281 511 1379 593 puta-

203 620 262 700 vit,
282 619 370 684 haud
389 618 521 705 ignarus
546 617 602 684 ille
620 618 717 702 prisci
740 617 897 683 sermonis
917 618 1132 702 proprietatis.
1169 619 1199 679 Ε
1217 622 1280 685 260
1302 611 1380 699 ἄγχι

136 722 243 801 (8⁰)de*
269 729 361 812 θήρα
389 717 547 809 βάλλοοιί
556 772 566 804 ,
601 718 790 804 οὕτάζοοσι.
818 762 858 773 -
885 724 994 802 Quint.
1019 723 1084 791 Sm
1108 731 1147 788 A
1172 730 1233 791 271
1260 715 1322 787 καί
1350 714 1377 808 ῥ’

201 827 302 916 ἔβαλε
325 827 514 898 Σθενέλοιο
546 825 733 898 καταντίον·
765 823 836 897 orid'
867 825 932 911 ὅρα
959 826 1080 916 τόνγε
1114 826 1259 895 οὔτασεν.
1293 828 1379 895 Item

202 945 233 1005 Γ
251 947 300 1011 62.
324 944 364 1004 Η
384 948 451 1008 117.
483 943 582 1009 Ι275
605 939 657 1026 (cf.
679 942 761 1023 240).
800 939 898 1022 Apud
921 939 1058 1004 eundem
1081 939 1221 1026 legimus
1247 932 1380 1023 πλήξας

200 1043 368 1135 χερμαδίῳ
385 1050 425 1111 Η
435 1053 475 1115 94
490 1051 523 1113 et
537 1040 664 1132 πληγαί
678 1047 717 1114 de
736 1047 829 1112 iactis
850 1046 1013 1131 lapidibus
1027 1049 1084 1109 IA
1101 1052 1166 1114 120.
1201 1045 1273 1111 Νεο
1293 1044 1379 1110 illud

202 1156 422 1223 Homericum:
437 1147 590 1219 βείνοοσι
603 1148 788 1243 σιδηρείησι
801 1152 921 1243 βολήσι
936 1153 1018 1239 Opp.
1034 1153 1106 1220 Hal.
1124 1155 1229 1238 Esou
1244 1153 1380 1217 Etenim

201 1263 263 1328 hoc
285 1264 382 1329 etiam
402 1264 536 1329 verbum
558 1255 685 1327 θείνειν
703 1265 825 1327 certum
847 1263 933 1346 apud
953 1265 1084 1346 poetam
1104 1283 1199 1325 usum
1220 1259 1323 1326 hahet
1344 1260 1379 1324 in

202 1370 311 1457 gladio
326 1370 460 1454 aliisque
474 1392 575 1455 prope
596 1370 810 1436 laedentibus.
846 1368 897 1433 Hx
915 1367 1036 1445 Quinto
1057 1371 1224 1452 praeterea
1245 1367 1379 1432 enotavi

203 1478 291 1563 quod
315 1479 441 1543 videtur
467 1477 694 1562 apponendum
723 1499 802 1542 esse.
850 1475 925 1542 Scit
954 1475 1030 1541 illae
1062 1475 1225 1541 breviores
1253 1476 1379 1541 formae

201 1579 350 1672 βλήεται,
382 1581 504 1670 βλήτο,
527 1583 693 1671 βλῆσθαι,
722 1578 886 1671 βλήμενος
905 1582 940 1646 in
961 1581 1142 1647 Homericis
1163 1605 1230 1647 non
1250 1583 1379 1648 inveni-

202 1694 301 1756 untur
314 1691 376 1757 nisi
397 1692 425 1757 si
447 1693 519 1777 quis
540 1713 710 1776 percussus
734 1691 851 1756 dicitur
871 1685 974 1772 βέλει,
999 1691 1214 1775 quodcunque
1236 1694 1298 1755 est:
1320 1691 1379 1756 sed

202 1796 341 1874 Quintus
367 1798 448 1863 dixit
468 1793 633 1886 βλήμενος
659 1793 694 1862 ἐν
718 1796 847 1884 κονίῃσι
870 1800 902 1860 Γ
919 1802 990 1865 316.
1012 1799 1042 1860 Ε
1064 1802 1131 1865 184.
1152 1792 1182 1876 ς’
1204 1803 1275 1866 456.
1294 1791 1378 1886 βλή-

200 1925 299 1986 μενος
321 1899 358 1968 dx
385 1899 521 1992 δίφροιο
550 1908 571 1968 Ι
598 1910 666 1974 193.
707 1905 857 1990 Denique
884 1901 1076 1991 βεβλῆσθαι
1104 1908 1137 1971 et
1161 1902 1378 1991 βεβολήσθαι

201 2011 382 2098 promiscue
409 2013 471 2078 dici
496 2036 516 2078 a
540 2012 788 2093 recentioribus,
822 2014 887 2078 iam
912 2012 1072 2079 Lobeckio
1102 2013 1311 2078 observatum
1336 2013 1378 2077 ad

201 2118 320 2204 Phryn.
342 2143 373 2204 p.
393 2125 462 2188 589.
483 2113 659 2207 (βλήμενος
680 2111 797 2203 ὂίλγεσι
816 2112 929 2201 θυμόν
951 2119 1010 2197 Qu.
1033 2119 1099 2187 Sm.
1121 2122 1151 2183 Ε
1167 2126 1241 2188 459:
1263 2123 1378 2185 contra

201 2225 396 2311 Apollonius
417 2249 514 2292 ausus
536 2230 604 2292 erat
617 2225 634 2291 I
647 2233 708 2295 262
723 2250 847 2293 merum
862 2231 896 2292 et
910 2228 1033 2292 nudum
1046 2223 1254 2315 βεβολημένη
1270 2228 1376 2294 dicere

201 2356 260 2419 pro
278 2327 367 2420 λίαη
381 2332 555 2417 βλαβεῖσα,
580 2332 809 2416 δυσθυμοῧσα,
829 2338 867 2400 ut
880 2335 1070 2400 scholiastae
1085 2335 1273 2420 paraphrasi
1289 2339 1377 2400 utar:

200 2435 305 2528 μήτηρ
327 2433 411 2527 ἀμφ’
436 2432 535 2508 αὐτὸν
556 2438 786 2527 βεβολημένη.)
821 2441 912 2506 Dixit
926 2443 965 2507 de
983 2443 1094 2508 eadem
1108 2465 1143 2507 re
1156 2442 1377 2508 Buttmannus

201 2548 243 2614 ad
262 2549 351 2614 Aret.
373 2554 442 2628 492,
464 2550 520 2634 qui
541 2549 569 2613 si
589 2548 777 2628 Aristarchi,
795 2549 822 2613 si
842 2549 996 2615 hobeckii
1019 2572 1143 2615 memor
1163 2549 1288 2630 fnisset,
1308 2549 1376 2615 for-

201 2659 287 2722 tasse
308 2655 434 2722 facilius
455 2656 535 2741 quid
556 2657 670 2722 doceat
688 2657 954 2742 intelligeremus.
978 2694 1016 2704 —

284 2763 373 2829 Haec
391 2764 536 2849 poeticae
557 2764 707 2830 dictionis
729 2764 913 2830 discrimina
934 2785 1130 2849 cognoscere
1151 2764 1376 2830 utilissimum:

203 2875 237 2937 et
261 2871 357 2936 velim
379 2871 537 2956 quidquid
559 2873 600 2937 ab
622 2871 766 2937 Homero
787 2872 1004 2958 posteriorum
1024 2876 1194 2957 poetarum
1214 2872 1319 2937 oratio
1340 2873 1376 2936 in

200 2978 432 3044 vocabulorum
459 3003 521 3046 usu
547 2979 654 3045 differt
674 2980 849 3065 aliquando
877 2980 924 3044 ita
944 2979 978 3043 in
1004 3003 1106 3044 unum
1128 2979 1253 3064 colligi,
1281 2980 1376 3044 utin

200 3085 302 3150 Attici
316 3085 523 3171 vulgarisque
538 3088 696 3152 sermonis
718 3087 932 3172 discrepantia
952 3109 972 3151 a
988 3087 1151 3152 veteribus
1169 3086 1292 3152 factum
1313 3090 1377 3151 est:

200 3213 261 3259 nos
281 3196 390 3258 tamen
410 3193 490 3257 haec
511 3193 585 3258 ideo
613 3194 676 3258 hoc
703 3194 776 3260 loco
804 3195 1050 3281 perlustramus,
1079 3194 1167 3279 quod
1192 3194 1286 3278 qnasi
1314 3214 1376 3278 pro

201 3299 425 3365 Aristarcheae
456 3321 571 3385 operae
598 3301 836 3387 complemento
865 3306 949 3380 sunt,
978 3304 1034 3388 qui
1055 3324 1115 3367 nec
1136 3301 1376 3366 Alexandrinos

135 3419 191 3492 (ει)
203 3407 306 3472 sicubi
327 3409 369 3472 ab
389 3406 532 3472 Homero
555 3409 754 3474 desciverant
776 3413 889 3474 notare
908 3411 1124 3492 praetermisit
1149 3410 1255 3493 (utin
1276 3407 1377 3474 cdli-

200 3514 315 3579 macho
336 3513 422 3593 fecit,
442 3538 470 3581 v.
492 3516 558 3580 sch.
579 3512 612 3583 Ξ
630 3519 714 3598 499).
749 3516 875 3580 Deinde
895 3515 972 3581 hinc
984 3517 1216 3603 intelligimus,
1237 3519 1279 3583 ad
1299 3519 1377 3583 Ari·

152 3645 185 3696 es
203 3621 382 3687 starcheam
402 3623 580 3688 doctrinam
599 3624 707 3708 epicos
726 3645 856 3688 cursum
877 3647 972 3688 suum
993 3625 1197 3710 dirigendum
1218 3647 1289 3690 esse
1308 3647 1377 3690 non

201 3728 371 3796 censuisse.
408 3729 503 3807 Quod
516 3731 550 3794 in
573 3732 792 3817 grammaticis
814 3735 847 3796 et
868 3732 1125 3817 orthographicis
1146 3732 1241 3798 docte
1262 3733 1377 3798 soller-

200 3836 313 3918 terque
342 3837 573 3902 demonstravit
593 3837 747 3903 Gerhard.
775 3838 849 3904 lect.
872 3839 979 3924 Apoll.
999 3864 1029 3924 p.
1051 3846 1194 3908 91-97,
1228 3839 1321 3906 Idem
1340 3841 1377 3905 in

200 3941 432 4009 vocabulorum
459 3945 752 4031 significationibus
779 3951 920 4032 apparet
962 3946 1031 4011 Nec
1057 3948 1183 4012 mirum
1221 3946 1300 4013 Non
1325 3951 1377 4014 est

202 4050 290 4132 quod
320 4050 399 4115 haec
426 4052 507 4117 istos
536 4051 589 4117 rel
620 4053 787 4137 ignorasse
821 4054 873 4119 vel
901 4055 1100 4140 improbasse
1126 4059 1294 4140 putemus,
1318 4055 1377 4122 sed

202 4152 392 4223 Homericos
423 4181 494 4225 esse
519 4160 712 4226 noluisse⁴².
755 4160 841 4239 Quid
862 4165 996 4228 censes?
1023 4163 1196 4228 nescivisse
1217 4162 1377 4241 Quintum

271 4392 297 4434 θ
313 4387 355 4446 De
371 4388 624 4448 Alexandrinorum
640 4390 799 4447 imitatione
815 4393 930 4449 Homeri
946 4394 1041 4450 dixere
1057 4394 1182 4450 Naekius
1192 4395 1291 4452 Choes.
1302 4394 1375 4452 vm
