3008 4980
228 329 290 393 330
449 384 453 390 ,
524 322 558 379 V.
584 323 625 378 De
643 321 745 379 criticis
766 319 920 375 Aristarchi
937 321 1099 377 rationibus.

230 493 331 560 E183
347 482 519 554 άθετεῖται
538 487 590 556 διι
606 482 783 569 δεξάμενός
796 512 847 567 τις
861 483 890 552 εί
911 481 960 576 μή
977 512 1030 567 τις
1051 481 1135 566 θεός
1155 484 1245 553 ἐστιν
1267 481 1285 553 ὁ
1307 482 1396 553 ἐναν-

227 593 409 680 τιούμενος,
434 594 615 685 ἐνέγραψεν
634 590 744 665 αὐτόν.
777 597 842 665 Sed
855 598 918 663 hoc
939 599 1003 663 iam
1024 598 1191 683 proprium
1212 601 1252 664 ui
1271 619 1393 679 παρεμ·

228 701 366 788 βάλλειν
387 709 435 788 (4)
459 709 539 790 130),
564 702 726 789 ἐμποιεῖν.
771 699 803 770 oi
825 698 1090 790 ἐμπεποιηκότες
1111 697 1158 782 είς
1180 701 1219 768 τὰ
1238 696 1395 771 Ἡσιόδου

228 815 364 880 Pausan.
386 812 417 879 Π
438 819 486 892 26,
508 820 536 881 7.
567 807 809 895 παρεντιθέναι
830 816 868 876 Π
884 820 933 883 97.
970 807 1208 892 διασκευάζειν.
1249 812 1314 878 Pro
1337 835 1395 898 quo

230 921 345 986 dicitur
369 922 465 986 eiiam
487 915 751 1000 ἐνδιασκευάζειν
772 924 803 984 Γ
821 928 894 990 395:
923 913 1101 1005 δεξάμενος
1125 916 1163 986 δέ
1184 943 1236 998 τις
1255 917 1295 986 τὸ
1315 912 1396 1001 πρό-

228 1050 322 1112 τερον
336 1025 414 1106 τοὺς
428 1023 503 1114 ἑξῆς
519 1022 778 1107 ένδιασκευάζει·
797 1025 852 1094 διὸ
868 1021 1079 1094 άθετοῦνται.
1107 1028 1209 1095 Verbi
1224 1021 1396 1114 διασκευά-

230 1135 296 1215 ζειν
322 1158 407 1202 nunc
434 1137 559 1222 reliqua
579 1138 736 1221 ’ponenda
761 1142 838 1202 sunt
865 1136 1023 1222 exempla:
1062 1140 1091 1198 Y
1114 1142 1174 1205 269
1198 1128 1397 1202 άθετοῦντοι

227 1240 334 1324 στίχοι
359 1237 387 1307 δ’
414 1239 467 1311 ὅτι
494 1239 765 1326 διεσκευασμένοι
791 1237 873 1309 είσὶν
897 1238 964 1310 ὑπό
990 1267 1081 1322 τινος
1100 1248 1165 1308 τῶν
1186 1239 1396 1328 βουλομένων

227 1344 407 1439 πρόβλημα
433 1354 553 1419 ποιεῖν.
602 1343 742 1434 μάχεται
771 1348 807 1416 δέ
833 1353 951 1440 σαφῶς
980 1355 1051 1429 τοῖς
1077 1346 1232 1438 γνησίοις.
1282 1355 1314 1416 Β
1341 1358 1395 1421 807

228 1456 260 1546 (ή
278 1458 397 1546 διπλῆ)
419 1455 471 1524 ὅτι
485 1452 582 1526 τοῦτό
605 1455 675 1524 ἐστι
695 1455 733 1525 τὸ
757 1457 934 1546 πλανήσαν
954 1457 1011 1525 τὸν
1029 1457 1071 1525 τδι
1089 1455 1202 1525 ἐπάνω
1218 1462 1305 1543 (791)
1329 1458 1395 1524 δια·

228 1562 440 1634 σκευάσαντα.
481 1569 513 1631 Δ
534 1573 594 1637 208
620 1560 642 1654 ἦ
673 1566 779 1655 διπλῆ
808 1565 892 1651 πρὸς
916 1567 954 1635 τὸ
982 1562 1104 1653 άρινεν,
1137 1561 1211 1633 ἀντὶ
1235 1571 1294 1633 τοῦ
1316 1565 1395 1632 κατὰ

227 1673 336 1764 ψυχήν
358 1669 513 1762 ἐκίνησεν.
549 1669 568 1760 ή
593 1671 630 1741 δέ
651 1668 807 1760 ἀναφορὰ
829 1674 915 1761 πρὸς
935 1673 973 1744 τὸ
996 1666 1067 1755 „dig
1088 1668 1191 1762 φάτο·
1216 1679 1257 1764 τῇ
1278 1668 1310 1741 δ’
1335 1669 1395 1757 άρο

227 1781 339 1867 θυμὸν
354 1779 402 1848 ἐνί
416 1777 598 1870 στήθεσσιν
613 1775 746 1866 άρινεν“
768 1787 812 1866 (Γ
824 1789 893 1853 396.
917 1808 935 1868 ρ
952 1786 1034 1869 150),
1059 1777 1112 1850 δτι
1127 1775 1187 1848 οὐκ
1209 1776 1298 1848 ἐστιν
1319 1775 1397 1848 ἐθί-

226 1912 335 1975 μοισεν
362 1885 408 1968 ὡς
434 1883 452 1956 δ
481 1884 703 1967 διασκευάσας
729 1887 878 1975 ἐκλαβὼν
905 1886 998 1970 έιοξε
1023 1887 1101 1968 τοὺς
1126 1885 1201 1976 ἐξής
1226 1884 1337 1957 ε’ίκοσι
1357 1893 1396 1976 <.

227 2023 324 2084 supra
337 2023 368 2084 p.
389 2006 447 2067 100
462 2002 528 2063 not.
545 1999 600 2082 53>
623 1992 762 2077 στίχους,
787 1991 860 2062 ἀλλ’
878 1990 951 2063 άντί
964 2001 1024 2064 τοῦ
1039 1993 1167 2085 ἐκίνησε
1184 1996 1243 2065 καί
1262 1993 1396 2083 παρώρ-

226 2126 309 2193 μησε
331 2101 475 2170 κατὰτὸ
498 2100 665 2189 ἐρωτικόν.
704 2108 743 2168 Λ
766 2116 802 2175 11
826 2101 858 2192 (ἡ
883 2104 1001 2192 διπλη)
1025 2102 1078 2172 ὅτι
1105 2104 1163 2172 διὰ
1189 2103 1228 2172 τὸ
1249 2100 1397 2195 ήλαττῶ-

226 2218 314 2279 σθαι
336 2209 420 2277 κατὰ
441 2210 501 2299 τήν
522 2207 624 2278 κάλον
644 2206 750 2300 μάχην
773 2217 827 2278 νῦν
847 2210 933 2297 μέγα
955 2209 1078 2292 σθένος
1098 2207 1226 2301 ἑκάστην
1249 2210 1399 2301 ἐντίθησι

226 2320 312 2407 πρὸς
331 2319 368 2386 τὸ
391 2319 552 2403 πολεμεῖν
574 2314 633 2400 οὐχ
654 2319 708 2384 ἵνα
730 2319 792 2408 <μή
815 2322 952 2388 inseruit
972 2321 1215 2408 Friedlaender>
1239 2315 1287 2398 είς
1309 2313 1398 2388 οἶκον

227 2423 514 2513 ἀνακομισθῶσιν,
538 2425 584 2506 ὡς
604 2424 622 2495 δ
645 2423 867 2505 διασκευάσας
887 2426 964 2506 τοὺς
985 2423 1069 2514 ἑξῆς.
1114 2429 1176 2507 Qui
1203 2429 1255 2495 his
1277 2422 1397 2496 locisi

228 2530 458 2615 διασκευάσας,
480 2539 509 2604 is
530 2537 601 2604 aliis
624 2531 641 2602 ὁ
665 2531 920 2625 διασκευαστής,
948 2537 1171 2621 ἰυλεερολελοκ.
1212 2543 1245 2600 Ζ
1263 2545 1324 2606 441
1348 2533 1399 2603 ὅτι

226 2644 312 2734 πρὸς
324 2644 385 2733 τήν
400 2641 560 2729 λέγουσαν
575 2637 675 2724 ,ἀλλ’
694 2639 752 2729 άγε
768 2647 823 2710 νῦν
838 2641 992 2728 ἐλέαιρε(
1016 2641 1072 2707 καὶ
1086 2641 1156 2732 ,μή
1174 2638 1273 2710 παῖδ’
1295 2637 1397 2733 ὀρφα-

227 2752 319 2822 νικὸν
335 2747 607 2840 θείης“.,οίκείως
623 2745 822 2840 ἀπήντηκεν·
847 2748 919 2820 δδέ
941 2749 1181 2839 διασκευαστής
1200 2755 1270 2838 (qui
1289 2776 1398 2820 versus

226 2870 286 2932 433
314 2887 382 2948 sqq.
408 2863 614 2947 interposuit)
643 2853 832 2949 ἐπλανήθη.
886 2863 915 2924 Θ
937 2866 976 2929 73
1003 2853 1206 2925 άθετοῦνται
1235 2856 1290 2926 ὅτι
1316 2855 1397 2944 ὑπὲρ

143 2974 215 3043 (351)
228 2963 365 3036 ἑκάστου
385 2962 627 3053 στρατεύματος
647 2970 733 3056 κήρα
756 2966 945 3053 ζυγοστατεῖ
965 2961 983 3032 δ
1007 2961 1099 3052 Ζεύς,
1126 2961 1163 3033 οὐ
1187 2962 1337 3046 πλείους,
1359 2963 1399 3046 ὡς

224 3073 282 3143 ἐπὶ
295 3072 474 3158 Ἀχιλλέως
487 3073 720 3160 καὶἝκτυρος·
743 3071 761 3141 ὃ
778 3072 814 3140 δέ
836 3073 1076 3162 διασκευαστὴς
1097 3071 1235 3159 ἐξέλαβε
1256 3071 1397 3154 πολλάς.

224 3185 243 3247 λ
266 3192 326 3255 584
348 3188 512 3263 ,,στεῦτο“
534 3187 589 3248 νῦν
612 3176 685 3248 άντί
705 3187 762 3249 τοῦ
783 3182 896 3249 ἵστατο
918 3179 976 3248 ἐπὶ
996 3185 1062 3247 τῶν
1082 3182 1209 3250 ποδῶν.
1245 3180 1399 3272 κέχρηται

225 3290 262 3357 δέ
282 3296 321 3381 τῇ
347 3289 434 3373 λέξει
460 3286 478 3356 ὃ
502 3288 741 3377 διασκευαστής
762 3289 855 3377 παρὰ
881 3287 941 3378 τήν
960 3291 1020 3356 τοῦ
1040 3295 1183 3376 ποιητοῦ
1204 3286 1398 3379 συνήθειαν.

222 3423 241 3481 χ
263 3408 300 3469 31
329 3394 491 3465 οὓδέποτε
507 3396 655 3486 Ὅμηρος
682 3395 738 3464 ἐπὶ
765 3407 824 3464 τοῦ
849 3394 941 3484 έλεγε
968 3396 1005 3463 τὸ
1034 3391 1122 3477 ἰ’σκε,
1155 3390 1228 3463 ἀλλ’
1259 3397 1318 3466 ἐπὶ
1342 3403 1400 3466 τοῦ

225 3502 365 3588 ὡμοίου
398 3501 567 3595 ήπάτηται
596 3496 653 3572 οὖν
681 3502 699 3572 ὁ
727 3504 968 3593 διασκευαστής
993 3502 1029 3570 ἐκ
1058 3509 1118 3573 τοῦ
1145 3500 1244 3584 ,,ί’σκε
1269 3498 1399 3597 ψεύδεα

224 3612 337 3681 πολλὰ
359 3610 489 3699 λέγων“
517 3617 547 3700 (τ
568 3618 649 3697 203).
689 3615 797 3680 Subst.
827 3610 985 3701 διασκευή
1012 3619 1150 3701 praeter¹
1166 3614 1276 3680 locum
1303 3639 1399 3701 supra

224 3724 404 3790 adhibitum
426 3724 542 3808 (1197)
566 3727 615 3788 est
636 3723 732 3788 eiiam
752 3728 853 3792 T400
876 3716 1091 3810 σημειοῦνταί
1110 3744 1197 3799 τινες
1219 3717 1272 3788 ὅτι
1292 3717 1399 3789 ἐντεῦ-

224 3837 287 3896 θεν
308 3827 328 3918 ή
348 3830 504 3918 διασκευή
526 3834 586 3897 τοῦ
599 3827 791 3914 τεθρίππου
815 3827 1010 3916 πεποίηται,
1032 3831 1063 3896 h.
1078 3853 1104 3895 e.
1120 3831 1149 3895 is
1170 3854 1189 3895 a
1211 3852 1277 3914 quo
1297 3833 1398 3900 (9185

223 3963 333 4005 versus
355 3940 482 4024 spurius
504 3932 620 4008 Ξάνθε
647 3961 682 4003 τε
708 3935 766 4003 καὶ
786 3937 825 4004 σὺ
846 3932 1005 4023 Πόδαργε
1032 3935 1089 4002 καί
1115 3931 1245 4003 Α’ίθων
1270 3937 1400 4022 Λάμπε

159 4054 208 4104 336
226 4071 260 4112 τε
284 4048 333 4112 δῖε
358 4048 520 4132 profectus
543 4053 604 4126 est,
625 4048 659 4112 in
681 4051 789 4113 menie
815 4048 930 4112 habuit
952 4051 984 4112 ei
1012 4047 1143 4112 nomina
1164 4050 1331 4112 mutuatus
1352 4050 1400 4112 est

224 4157 264 4222 ab
286 4157 349 4221 hoc
370 4157 418 4237 (Τ
435 4159 508 4238 400)
531 4149 648 4224 Ξάνθε
668 4177 703 4218 τε
724 4152 781 4218 καί
804 4150 919 4232 Βαλίε,
941 4151 1122 4241 τηλεκλυτὰ
1144 4150 1243 4218 τέκνα
1264 4148 1400 4238 Ποδάρ-

225 4287 290 4348 γης,
317 4284 413 4348 quem
433 4285 560 4328 versum
582 4263 820 4348 quodammodo
844 4263 991 4328 diffinxit.
1036 4261 1158 4327 Eadem
1180 4284 1231 4326 res
1252 4285 1311 4347 per
1332 4285 1399 4328 ver-

223 4372 302 4437 bum
324 4364 554 4449 διασκευάζειν
575 4371 660 4438 dicia
680 4370 740 4436 sic:
767 4372 868 4438 0414
889 4364 989 4434 άλλοι
1006 4361 1037 4434 δ’
1056 4361 1139 4455 ἀμφ’
1158 4362 1279 4456 άλλησι
1291 4361 1397 4454 μάχην
