3008 4980
208 342 249 403 78
289 335 325 388 u
352 334 395 388 De
410 336 588 390 Aristum
604 338 806 390 vocubulorm
822 338 1035 394 Henetiam
1049 341 1299 412 interpretatione.

735 677 848 752 Τρεῖν

585 837 632 885 εει
652 823 773 908 fucere.
793 848 855 887 ιισνι
876 828 993 888 tim.

286 987 429 1050 Ariston
452 991 488 1048 Χ
504 993 563 1053 113
591 978 639 1063 αῖς
665 979 717 1071 ἆρ’
744 981 793 1070 ὅγ’
820 985 1001 1070 ἐμμεμαὼς
1019 983 1101 1066 leeg
1119 986 1257 1056 πέτετο·
1284 987 1379 1074 τρέσε

205 1085 239 1155 δ’
253 1089 379 1176 Ἕκτωρ
398 1097 506 1174 τεῖχος
524 1091 593 1159 irco
619 1090 755 1180 Τρώων,
778 1095 932 1185 λαιψηρὰ
954 1093 991 1160 δὲ
1011 1089 1141 1180 γούνατ’
1163 1092 1297 1180 ἐνώμας
1326 1094 1378 1163 ὅτι

201 1197 241 1266 τὸ
254 1198 369 1285 τρέσαι
384 1194 422 1266 σι’·
443 1200 504 1289 τὴν
523 1195 665 1290 πτόησιν
685 1198 850 1290 σημαίνει,
873 1199 963 1268 ἀλλὰ
983 1202 1044 1268 σῖν
1061 1207 1111 1289 τῷ
1131 1197 1278 1290 φεόγειν.
1313 1205 1377 1271 Pro

203 1306 262 1372 σίν
273 1312 322 1394 τῷ
334 1309 429 1394 plura
447 1311 481 1374 in
495 1317 637 1375 mentem
650 1313 798 1377 veniunt:
818 1313 970 1397 equidem
989 1319 1071 1397 puto
1084 1314 1242 1398 scriptum
1263 1314 1377 1378 fuisse:

203 1411 356 1505 συνήθως
375 1410 476 1502 circi.
516 1419 588 1483 Hoc
614 1421 725 1503 potius
743 1422 849 1504 probo
869 1444 968 1504 quum
987 1414 1159 1496 σιντόνως.
1198 1419 1232 1488 Ξ
1250 1427 1313 1488 522
1337 1413 1375 1485 od

202 1520 264 1610 γάρ
290 1525 328 1590 σῖ
347 1549 400 1603 τις
419 1519 539 1607 ὁμοῖος
564 1523 774 1591 ἐπισπέσθαι
801 1525 902 1591 ποσὶν
923 1518 981 1612 ἦεν
1006 1521 1138 1608 ἀνδρῶν
1154 1521 1374 1609 τρεσσάντων,

202 1628 257 1698 ὅτε
277 1655 313 1696 τι
333 1632 419 1710 Zeis
445 1630 482 1697 ἔν
501 1629 612 1720 φόβον
633 1627 732 1721 ὄρσςε
761 1630 814 1698 ὅτι
840 1628 879 1699 oi
906 1632 997 1719 λέγει
1016 1629 1223 1717 τρεσσάντων
1244 1633 1378 1699 δεισάν-

199 1763 277 1818 των,
300 1732 390 1804 ἇλλὰ
411 1736 593 1827 φαγόντων·
614 1739 775 1824 ,πρέσσαι
797 1734 830 1805 δ’
854 1735 966 1807 σι’·νιέτι
986 1738 1098 1831 ῥίμφα
1117 1738 1224 1821 πόδες
1243 1739 1377 1829 φέρον“

136 1851 251 1929 (92)(Ν
269 1850 391 1930 515)⁴⁹‚
430 1848 540 1915 Recte.
580 1849 725 1915 Probaut
751 1856 784 1915 et
811 1853 992 1935 composita
1017 1850 1163 1935 διατρεῖν
1189 1847 1378 1934 (διέτρεσαν

152 1968 186 2020 ts
203 1949 343 2031 ἄλλυδις
362 1951 470 2042 ἄλλῃ),
491 1961 674 2040 παρατρεῖν
693 1961 737 2041 (Ε
747 1961 830 2040 295),
851 1960 1017 2042 περιτρεῖν
1037 1962 1089 2039 (Λ
1102 1960 1185 2042 676),
1204 1952 1375 2040 ιῖπστρεῖν,

202 2066 236 2128 ct
263 2063 418 2149 simplicis
443 2066 533 2129 verbi
555 2067 663 2129 omnis
684 2066 751 2130 fere
771 2067 919 2150 exempla
943 2072 1031 2131 certa
1051 2071 1085 2131 et
1103 2089 1264 2150 expressa.
1299 2067 1375 2132 Duo

201 2176 291 2253 sunt,
311 2173 369 2236 ubi
391 2174 463 2256 quis
485 2174 633 2237 dubitare
653 2174 769 2257 possit,
790 2177 822 2236 P
838 2180 908 2241 33).
937 2180 970 2236 Φ
989 2179 1062 2242 288.
1100 2173 1165 2238 Sed
1184 2175 1221 2238 hi
1242 2197 1375 2258 quoque

200 2279 263 2343 loci
288 2279 422 2344 alteram
448 2281 716 2366 significationem
743 2283 931 2359 admittunt,
957 2284 1024 2347 imo
1050 2285 1240 2361 contextus,
1272 2282 1299 2346 si
1322 2304 1375 2346 sc-

201 2388 342 2451 curatius
363 2388 547 2472 inspicitur,
573 2391 697 2455 suadet.
737 2392 790 2454 Ad
811 2392 841 2452 P
858 2395 919 2456 332
939 2392 1003 2454 rid.
1029 2413 1057 2456 v.
1078 2394 1150 2456 316.
1179 2394 1240 2456 343
1263 2382 1372 2471 (τρεῖτ’

200 2487 345 2559 δι’σπετσν
364 2497 515 2580 estquod
536 2519 597 2562 nos
618 2497 754 2561 dicimus
773 2497 1046 2581 „unglsublich“);
1066 2497 1105 2562 ελ
1119 2493 1233 2563 5132.
1271 2497 1325 2560 Ad
1344 2500 1374 2559 Φ

199 2608 260 2670 288
282 2603 320 2667 cf.
346 2607 378 2665 Φ
398 2612 459 2672 575
485 2599 543 2691 (μή
563 2629 597 2669 τι
618 2600 694 2691 λίην
712 2603 785 2688 τρέε
809 2606 949 2685 „uciche
970 2627 1054 2691 ganz
1074 2606 1141 2668 und
1162 2625 1223 2688 gur
1242 2604 1373 2687 nicht‘).

281 2711 346 2778 Sed
367 2715 631 2778 commorandum
658 2719 708 2779 est
733 2715 767 2777 in
788 2715 851 2778 hoc
873 2712 1045 2790 vocabulo,
1072 2713 1112 2776 de
1134 2734 1199 2795 quo
1221 2711 1372 2776 sinuum

198 2819 382 2884 Damminm
398 2823 560 2906 exceperis
572 2822 793 2906 lexicographi
805 2822 910 2885 nostri
932 2821 1041 2884 omnis
1059 2820 1231 2884 falsissimis
1252 2821 1371 2885 docent

197 2930 357 3013 bonisque
372 2953 454 3013 quos
475 2930 676 3016 collegerunt
696 2930 777 2994 locis
797 2953 895 3015 prave
916 2930 967 2992 usi
988 2933 1072 2993 sunt
1107 2927 1194 3005 Quid
1215 2928 1305 3011 quod
1326 2951 1366 2992 ne

197 3035 276 3099 illud
297 3037 427 3119 quidem
450 3037 488 3101 de
513 3037 608 3103 leone
628 3042 761 3122 propter
780 3037 899 3102 famem
922 3040 1077 3101 renovato
1097 3036 1216 3100 iterum
1236 3036 1371 3100 iterum-

198 3166 261 3227 que
276 3145 398 3227 impetu
412 3166 530 3228 pecore
543 3145 762 3230 aggrediente,
784 3167 882 3228 quem
902 3149 1050 3229 pastores
1070 3143 1224 3207 coniectis
1244 3141 1370 3207 facibus

196 3249 364 3333 repellunt,
384 3244 445 3327 τός
464 3273 500 3314 τε
519 3255 591 3335 τρεῖ
609 3244 787 3332 ἐσσύμενός
806 3274 869 3334 περ
890 3257 930 3314 Λ
951 3259 1021 3318 554.
1043 3253 1074 3312 Ρ
1088 3254 1157 3327 663,
1178 3254 1265 3314 recte
1286 3251 1370 3314 acci-

196 3357 290 3440 piunt
314 3363 347 3422 et
373 3358 412 3421 de
433 3359 547 3423 timido
568 3358 770 3445 intelligunt,
795 3382 862 3423 non
884 3360 924 3422 de
945 3358 1095 3443 repulso?
1116 3392 1156 3400 -
1178 3356 1238 3422 cui
1260 3351 1370 3442 φόβος

196 3463 333 3530 iniectus
355 3466 452 3530 estis
472 3466 571 3551 fugit,
600 3467 652 3531 cui
674 3460 763 3553 φύζα
784 3466 902 3530 iniecta
925 3470 975 3529 est
994 3466 1023 3529 is
1042 3464 1121 3529 facit
1141 3464 1204 3528 hoc
1225 3464 1369 3547 pavidus,

196 3572 376 3656 trepidante
398 3574 507 3654 corde,
528 3568 697 3659 πεφσζιόςτ
722 3574 793 3656 τρεῖ
817 3573 874 3638 ille
903 3574 958 3658 qui
980 3572 1122 3658 periculo
1144 3575 1298 3656 percepto
1319 3571 1370 3636 vel

196 3700 271 3744 vero
292 3680 343 3744 vel
364 3679 439 3746 ficto
467 3681 563 3746 celeri
591 3683 734 3767 corporis
755 3685 848 3745 motu
868 3684 1035 3745 retractat:
1062 3680 1199 3743 maxime
1221 3683 1255 3743 et
1277 3678 1369 3763 qnasi

262 3890 288 3930 ⁴⁹
305 3887 382 3943 Haec
395 3887 465 3942 mihi
476 3887 608 3944 videntur
619 3888 678 3943 sola
690 3887 841 3942 Aristonici
857 3885 1027 3949 testimonia,
1044 3902 1101 3939 non
1113 3887 1142 3939 N
1153 3891 1203 3940 515
1221 3881 1268 3940 ὅτι
1285 3883 1368 3955 τρέσ-

195 3986 244 4027 σαι
262 3979 368 4042 φνγιῖν
383 3971 573 4043 μιτδζδέσνς,
591 3965 654 4028 ἀλλ’
670 3971 705 4028 σύ
722 3975 817 4042 ψιλῶς
833 3978 949 4042 φυγεῖν·
967 3976 1066 4042 ,,τρεῖν
1081 3961 1113 4036 μ’
1128 3970 1183 4024 oin
1199 3967 1237 4043 ἐᾷ
1252 3969 1370 4032 Παλλὰς

193 4054 310 4128 λδήνη“
328 4058 365 4127 (Ε
381 4061 449 4128 256),
480 4055 561 4123 Quod
578 4075 612 4113 cx
628 4058 705 4112 bona
720 4057 915 4112 observatione
932 4057 1094 4123 corruptum
1112 4055 1155 4108 est
1171 4071 1189 4107 a
1205 4052 1368 4109 recentiori·

194 4140 245 4196 bus
257 4144 290 4197 ut
302 4158 335 4196 co
346 4141 417 4207 loco,
437 4159 521 4212 quem
532 4141 613 4198 initio
630 4142 720 4213 posui,
737 4143 770 4196 X
781 4146 837 4206 143,
854 4141 885 4194 in
903 4139 963 4194 cod
975 4138 1001 4192 V
1019 4141 1062 4193 est
1078 4137 1177 4208 totos:
1195 4138 1271 4207 μετὰ
1283 4136 1369 4202 δέους

196 4222 311 4298 ἔφυγεν.
341 4225 394 4292 Qui
406 4225 481 4293 μετὰ
492 4225 578 4291 δέους
589 4226 721 4281 videntur
732 4224 872 4279 addidisse
885 4228 919 4280 ut
929 4223 966 4278 ad
977 4221 1121 4292 vulgarem
1134 4220 1366 4291 significationem

195 4308 371 4374 κτεάτισσα
399 4324 456 4363 non
478 4308 551 4364 inest
571 4310 625 4365 hoc
646 4311 676 4364 in
693 4311 779 4365 verbo
801 4308 878 4378 apud
894 4309 1046 4363 Homerum
1064 4316 1100 4375 (v.
1118 4310 1145 4361 Δ
1162 4309 1238 4376 516),
1261 4323 1313 4360 nec
1330 4306 1366 4360 ab

196 4394 302 4466 origine
319 4392 400 4464 inest,
418 4393 467 4448 ssd
484 4393 581 4450 celcris
598 4397 698 4449 motus.
726 4393 768 4450 Dc
784 4411 841 4463 qno
858 4411 922 4449 mox
941 4393 1072 4447 dicemus.
