3008 4980
553 351 577 400 1.
601 344 642 400 De
659 345 735 400 Ulixi
753 316 898 404 erroribus.
1249 352 1309 414 245

139 519 266 581 narunt.
309 514 360 579 Ex
384 514 435 579 his
460 515 544 578 inter
571 514 768 599 antiquiores
791 519 859 580 erat
879 513 1042 599 Ephorus,
1068 516 1138 578 tum
1161 512 1311 578 Callima·

140 623 228 701 chus
250 621 389 707 graviter
410 622 623 706 reprehensus
645 623 685 686 ab
707 622 923 706 Apollodoro,
945 621 1032 705 quod
1054 620 1241 705 Calypsonis
1261 622 1312 685 in-

140 730 243 795 sulam
262 727 390 792 Γαῦδον
408 726 639 812 (111Γαῦλου),
659 752 790 813 parvam
809 728 948 794 insulam
967 750 1068 812 prope
1084 727 1312 812 Carthaginem

140 859 224 912 esse,
253 837 331 902 item
353 835 516 903 Scheriam
539 837 709 921 Corcyram
735 837 870 912 dixerat,
896 836 915 900 l.
943 834 1006 900 VH
1027 858 1058 919 p.
1079 841 1139 902 299
1166 835 1260 918 (358).
1296 834 1311 899 I

138 969 170 1029 p.
192 951 232 1011 44
254 946 350 1026 (119).
393 944 519 1020 Grates,
548 947 582 1008 et
602 947 639 1008 ut
666 965 721 1009 eos
743 965 1004 1018 commemorem,
1027 942 1068 1007 ad
1091 963 1173 1025 quos
1194 940 1311 1008 Strabo

138 1052 281 1130 recurrit,
303 1050 507 1136 Hipparchus
528 1074 557 1136 p.
581 1058 608 1118 2.
631 1059 660 1118 7.
685 1059 736 1130 15,
762 1050 918 1135 Polybius
938 1073 969 1134 p.
993 1054 1033 1116 22
1056 1051 1096 1130 (v.
1118 1047 1236 1115 Beruh.
1257 1049 1310 1115 Er.

138 1185 170 1245 p.
188 1162 252 1241 11),
273 1158 467 1224 Posidonius
488 1181 517 1242 p.
541 1165 568 1225 4.
600 1157 749 1242 Denique
775 1158 844 1243 ipse
866 1157 992 1223 Strabo.
1025 1155 1114 1241 Ergo
1135 1157 1312 1242 geographi

139 1270 225 1332 certe
245 1265 479 1348 Eratosthenis,
496 1265 683 1343 Aristarchi,
698 1264 892 1350 Apollodori
912 1263 1103 1328 auctoritate
1124 1285 1190 1328 uon
1206 1287 1311 1330 errore

137 1375 252 1440 levati:
273 1395 468 1458 quamquam
489 1373 575 1457 apud
589 1370 781 1438 Strabonem
802 1375 987 1456 promptum
1008 1373 1057 1437 est
1077 1372 1194 1451 videre,
1215 1395 1312 1457 quam

138 1483 179 1549 ad
199 1504 310 1548 sanam
331 1480 489 1546 rationem
510 1480 686 1544 identidem
706 1480 826 1544 invitus
840 1478 994 1543 trahatur.
1024 1479 1218 1563 Apollodori
1237 1502 1310 1544 sen-

138 1590 241 1656 tentia
264 1591 358 1673 (quac
380 1588 491 1653 eadem
512 1587 692 1651 Aristarchi
715 1591 764 1652 111
786 1590 818 1650 11
838 1585 1076 1668 Eratosthenis)
1098 1587 1208 1651 multis
1230 1587 1310 1651 locis

139 1698 226 1783 apud
246 1695 438 1763 Strabonem
461 1695 620 1779 exposita,
646 1716 805 1778 nusquam
831 1697 939 1758 tamen
965 1693 1067 1759 fusius
1089 1694 1227 1778 quaml.
1248 1693 1310 1759 VII

135 1830 167 1891 p.
190 1810 251 1872 298
275 1805 360 1885 (354)
383 1803 513 1887 sqq.¹⁵⁷.
558 1799 723 1866 Summam
751 1801 815 1865 iarn
837 1823 933 1886 supra
956 1801 1103 1885 exposui,
1134 1801 1309 1866 [11111111-

137 1914 252 1979 sthene
273 1910 418 1995 loquens.
451 1909 544 1975 Addo
567 1909 661 1974 haec:
683 1908 868 1974 Homerum
881 1930 940 1974 nec
960 1906 1103 1973 Pontum
1124 1931 1228 1990 nosse,
1250 1931 1309 1973 nec

136 2017 202 2097 „cd
223 2015 301 2101 περὶ
321 2009 498 2099 Αἴγυπτον
518 2013 575 2081 καί
596 2007 768 2101 Arctove,
797 2039 856 2081 neo
882 2015 1041 2082 Isthmum
1062 2016 1204 2083 Africam
1224 2017 1374 2081 11111149

137 2131 170 2194 11
190 2127 302 2192 Asiam
322 2122 382 2189 n'ec
403 2147 489 2190 mare
510 2126 643 2189 rubrum
666 2146 725 2189 nec
747 2120 820 2200 „nd
843 2120 944 2187 κατὰ
966 2117 1238 2210 τὴνἈραβίαν
1253 2121 1310 2188 καί

135 2227 336 2300 Αἰθιοπίαν
360 2228 418 2296 καί
443 2229 501 2295 τὸν
520 2221 715 2296 Ὠκεανόνίί.
758 2230 844 2295 Η111
869 2235 960 2315 patet
986 2232 1104 2297 falsum
1131 2233 1309 2317 essequod

136 2341 236 2408 schol.
263 2341 340 2406 dicit
368 2338 449 2408 1184
467 2333 681 2424 Ἀρίσταρχος
697 2333 882 2423 Ἐρεμβοὺς
907 2336 984 2415 τοὺς
1003 2331 1157 2423 ’Ἀραβας
1184 2333 1308 2406 ἀκούει.

135 2450 180 2515 Et
197 2449 289 2515 Euat.
304 2448 347 2513 ib.
363 2449 405 2532 (p.
424 2448 515 2531 1484)
533 2439 747 2531 Ἀρίσταρχος
769 2440 807 2509 δέ
828 2467 914 2532 φασι
935 2443 992 2510 καί
1013 2439 1112 2524 αὐτὸς
1129 2440 1309 2530 Ἐρεμνοὺς

134 2554 212 2633 τοὺς
232 2547 384 2639 ’Ἀραβας
413 2555 490 2620 νοεῖ.
518 2591 557 2602 -
589 2554 639 2619 Ι)1
670 2553 887 2638 Aethiopibus
918 2554 1080 2638 bipartitis
1108 2556 1245 2621 Cratetis
1276 2560 1309 2621 et

135 2663 313 2733 Aristarchi
334 2663 494 2729 sententia
514 2662 585 2727 fuse
607 2662 724 2726 tradita
746 2686 764 2725 a
786 2659 945 2727 Strabone
966 2661 987 2725 l.
1008 2662 1024 2726 Ι
1044 2686 1075 2747 p.
1091 2668 1130 2731 30
1153 2666 1217 2747 (81)
1238 2686 1306 2748 sqq,
1320 2663 1390 2732 (256)

137 2773 261 2849 Crates,
293 2771 435 2855 quinque
458 2769 562 2835 Zonas
585 2773 617 2834 et
639 2769 768 2835 Zodiaci
796 2769 1038 2834 inclinationem
1060 2770 1232 2848 advocans,
1253 2793 1308 2835 ve-

136 2880 288 2946 teratorie
309 2879 393 2964 agit3
414 2877 620 2943 Aristarchus
642 2876 748 2941 sobrie
770 2882 803 2942 11
823 2877 850 2941 11
872 2877 940 2941 1111
961 2877 1139 2962 Aethiopas
1160 2878 1194 2941 11
1215 2878 1307 2942 tabu·

135 2988 200 3054 lam
229 2987 347 3052 referre
376 2987 453 3052 velis
474 2989 512 3051 ut
534 2985 600 3050 fere
623 3007 695 3050 cum
716 2984 876 3050 Vossiana
898 2985 1137 3069 conspiraturos
1159 2986 1306 3050 videaris:

137 3091 181 3172 „d
213 3087 246 3158 δ’
272 3087 485 3178 Ἀρίσταρχος
516 3085 636 3178 ταύτην
662 3086 723 3174 μὲν
753 3084 911 3175 ἐκβάλλει
939 3089 1000 3179 τὴν
1025 3084 1203 3157 ὑπόθεσιν·
1233 3087 1307 3171 δίχα

137 3198 175 3267 δὲ
199 3196 457 3286 μεμερισμένους
484 3192 592 3264 οἴεται
618 3195 780 3283 λέγεσθαι
805 3203 883 3277 τοὺς
909 3193 988 3264 καθ’
1016 3192 1105 3286 ἡμᾶς
1125 3193 1309 3276 Αἰθίοπας
1417 3206 1420 3213 ’

135 3306 213 3386 τοὺς
240 3310 310 3385 τοῖς
323 3304 467 3393 Ἕλλησι
492 3304 578 3389 πρὸς
602 3301 809 3393 μεσημβρίαν
835 3300 999 3387 ἐσχάτους.
1040 3301 1176 3385 τούτους
1203 3303 1304 3394 δὲμὴ

134 3411 341 3499 μεμερίσθαι
363 3410 437 3495 δίχα
459 3410 542 3478 ὥστε
564 3405 649 3479 εἶναι
671 3408 731 3479 δύο
746 3409 954 3500 Αἰθιοπίας,
976 3413 1036 3503 την
1051 3411 1112 3497 μὲν
1125 3413 1212 3499 πρὸς
1226 3408 1308 3480 ἄνα·
1345 3431 1355 3453 ·

136 3519 247 3611 τολήν,
275 3520 335 3610 τὴν
361 3518 397 3587 δὲ
418 3518 503 3606 πρὸς
526 3517 632 3607 δύσιν,
659 3515 746 3586 ἀλλὰ
771 3519 853 3605 μίαν
873 3519 976 3610 μόνην
995 3521 1056 3610 τὴν
1076 3521 1162 3609 πρὸς
1181 3546 1307 3611 μεσημ-

136 3627 234 3718 βρίαν
265 3627 418 3718 κειμένην
447 3633 517 3709 τοῖς
536 3627 711 3717 (Ἕλλησιν,
748 3625 922 3716 ἱδρυμένην
956 3629 992 3696 δὲ
1017 3625 1086 3696 κατ’
1114 3625 1306 3716 Αἴγυπτον·

135 3742 233 3805 τοῦτο
256 3735 292 3803 δὲ
314 3731 496 3823 ἀγνοοῦντα
516 3735 574 3803 τὸν
593 3731 753 3825 ποιητήν,
778 3734 889 3824 ὥσπερ
912 3736 1029 3804 καὶτὰ
1053 3733 1150 3818 dala,
1175 3735 1238 3807 ὅσα
1261 3734 1307 3804 εί-

136 3870 233 3935 ρηκεν
250 3840 508 3931 Ἀπολλόδωρος
536 3842 570 3910 ἐν
591 3849 638 3931 τῷ
660 3843 738 3932 περὶ
759 3849 839 3910 νεῶν
860 3840 1047 3931 καταλόγου
1071 3845 1221 3936 δευτέρῳ,
1246 3873 1306 3914 κα-

136 3949 375 4046 ταψεύσασθαι
392 3956 457 4017 τῶν
477 3947 590 4018 τόπων
610 3950 651 4018 τὰ
672 3952 717 4041 μη
744 3947 859 4022 daca

220 4064 370 4130 Getemm
399 4063 582 4128 Demetrius
613 4062 762 4147 Scepsius
797 4064 883 4129 idem
919 4065 1020 4130 sensit
1056 4066 1094 4131 de
1123 4067 1174 4131 his
1201 4068 1305 4143 rebus,

138 4195 332 4259 quamquam
362 4192 460 4254 quum
487 4171 549 4237 sibi
571 4168 747 4235 Troianum
775 4172 959 4257 catalogum
991 4176 1118 4238 tantum
1141 4175 1306 4240 illustran-

137 4407 155 4462 s
200 4320 431 4462 l¹)57hllxlposuerat
452 4321 521 4376 haec
542 4320 573 4375 in
594 4320 736 4390 prooemio
758 4321 824 4377 libri
848 4323 963 4379 secundi
981 4324 1016 4379 de
1037 4309 1166 4394 catalogo
1183 4324 1304 4378 navium.

156 4408 227 4462 tra.
265 4449 271 4464 .
301 4448 306 4459 .
