3008 4980
543 355 567 406 3..
589 348 753 419 μέλπεσθαι
770 354 800 410 et
814 354 920 421 μολπή.
1040 403 1042 406 .
1250 358 1307 421 139

138 514 335 600 μέλπεσθαι
356 509 522 604 ’ἈρηιἨ
549 525 619 586 241.
666 511 748 584 ἰδιδν
775 515 857 601 μετὰ
887 515 1134 607 μελπομένῃσιν
1160 517 1195 584 δν
1219 522 1308 605 χορηῖ

143 632 177 692 Π
198 634 265 697 182.
295 619 426 710 ῖμερόεν
446 618 613 710 κιθάριζε,
638 621 729 692 λίνον
750 621 782 693 δ’
798 623 864 695 ὑπὸ
888 625 992 694 καλὸν
1013 620 1123 693 όίειδεν
1141 623 1307 714 λεπταλέῃ

141 740 248 823 φωνῇ·
270 730 322 798 τοί
344 729 381 798 δέ
401 727 576 819 ῥήσσοντες
597 727 727 824 άμαρτῇ
746 734 861 825 μολπῇ
884 729 917 802 τ’,
934 730 1041 821 toppo
1060 757 1096 800 τε
1117 732 1199 800 ποσί
1215 728 1308 800 σκαί-

140 865 251 926 ροντες
285 837 405 906 ἕποντο
437 844 466 904 Σ
495 848 565 909 572.
613 839 632 907 δ
666 833 698 906 δ’
728 841 832 909 είλετο
863 847 974 921 θεῖος
992 833 1111 921 άοιδός
1139 836 1307 931 φόρμιγγα

141 942 327 1038 μλαφυρῆν,
355 945 390 1012 ἐν
416 943 454 1013 δέ
474 968 590 1035 σφισιν
610 948 723 1034 ἵμερον
740 941 843 1035 ιόρσεν
862 950 998 1038 μολπῆς
1017 974 1053 1017 τε
1074 950 1231 1035 γλυκερῆς
1251 947 1308 1015 καί

140 1050 311 1139 ἀμύμονος
340 1049 536 1143 ὀρχηθμοῖο.
577 1059 683 1123 τοῖσιν
716 1054 752 1122 δὲ
785 1054 872 1143 μέγα
900 1059 997 1141 δῶμα
1026 1051 1307 1144 περιστεναχίζετο

141 1161 260 1229 ποσσίν
285 1157 415 1246 άνδραῖν
436 1159 621 1243 παιζόντων
642 1162 852 1245 καλλιζώνων
872 1190 908 1232 τε
928 1168 1141 1255 γυναικοῖνψ
1164 1173 1232 1234 145.
1253 1164 1308 1230 'In

141 1296 205 1358 quo
228 1276 313 1339 certe
335 1273 480 1358 exemplo
501 1295 639 1358 pronum
660 1274 787 1341 videtur
806 1275 986 1362 intelligere
1008 1267 1199 1340 desiderium
1218 1272 1308 1339 lusus

141 1384 174 1446 et
194 1379 385 1459 saltationis,
408 1379 544 1445 uthaeo
564 1381 627 1446 duo
650 1381 838 1467 supplicative
861 1366 1032 1450 coniuncta
1044 1383 1119 1460 sint,
1139 1403 1206 1446 non
1222 1380 1307 1446 desi-

141 1489 264 1554 derium
299 1491 412 1553 cantus
446 1487 546 1553 semel
578 1489 707 1554 excitati
735 1511 831 1574 porro
859 1490 1024 1570 audiendi,
1060 1493 1093 1555 et
1118 1489 1307 1556 saltationis.

141 1596 342 1680 Quamquam
363 1595 419 1661 ubi
439 1595 524 1661 idem
545 1619 655 1662 versus
677 1600 727 1662 est
747 1601 782 1660 N
795 1603 853 1666 637
876 1589 1009 1662 noiatim
1028 1591 1089 1679 μέν
1109 1590 1210 1677 κόρος
1226 1588 1305 1672 ἐστί,

139 1701 196 1768 καί
225 1699 330 1768 ὕπνου
358 1700 415 1767 καί
446 1697 624 1791 φιλότητος
654 1702 785 1789 μολπῆς
810 1727 845 1769 τε
873 1703 1028 1790 γλυκερῆς
1055 1701 1112 1768 καί
1138 1695 1308 1784 άμόμονος

139 1805 340 1897 ὀρχηθμοῖο,
368 1792 465 1897 longe
491 1810 607 1877 melius
627 1811 788 1878 videretur
809 1812 836 1878 si
857 1812 995 1900 intelligi
1015 1817 1149 1898 possent
1169 1811 1203 1875 in
1225 1832 1304 1877 enu·
1325 1817 1372 1868 140

139 1920 316 1985 moratione
343 1922 495 2003 quattuor
519 1941 571 1985 res
597 1941 749 1985 amoenae
777 1921 940 1985 seiunctae
965 1943 1024 1986 neo
1046 1921 1200 1986 omissum
1221 1923 1307 1984 esset

139 2050 240 2093 unum
265 2026 330 2092 illis
355 2027 554 2111 temporibus
575 2031 642 2093 tam
663 2049 834 2094 amoenum
855 2028 960 2094 visum
981 2051 1078 2113 quam
1099 2032 1222 2094 cantus.
1263 2025 1307 2092 Et

140 2136 253 2201 eodem
273 2134 406 2200 ferimur
423 2138 607 2220 comparato
628 2135 700 2201 loco
722 2158 749 2223 ην
770 2143 831 2205 430
854 2159 927 2202 cum
949 2159 971 2199 α
993 2142 1060 2205 152.
1101 2135 1160 2201 ille
1182 2138 1231 2200 est
1252 2136 1307 2198 νῦν

140 2235 172 2308 δ’
199 2238 267 2327 κόρη
302 2238 359 2306 καί
396 2235 523 2328 δόρπον
554 2233 737 2321 Ἀχαιοῖσιν
771 2238 970 2309 τετυκέσθαι
1005 2239 1040 2308 έν
1070 2236 1167 2330 φάει,
1203 2235 1306 2323 αὐτὰρ

137 2346 255 2417 ἔπειτα
282 2346 339 2415 καί
365 2343 474 2426 άλλως
498 2343 695 2438 ἑψιάασθαι
718 2348 834 2440 μολπῇ
855 2348 912 2416 καὶ
932 2344 1106 2440 φόρμιγγι·
1127 2348 1168 2414 τὰ
1196 2344 1257 2433 γάρ
1277 2341 1304 2412 τ’

139 2451 346 2544 άναθῆματα
368 2456 494 2534 δαιτόςι
524 2458 611 2542 quod
635 2461 730 2543 putes
756 2459 841 2524 idern
867 2482 936 2526 esse
962 2481 998 2525 ac
1018 2452 1134 2543 μολπῆ
1158 2450 1185 2521 τ)
1210 2450 1307 2542 όρχη-

139 2561 214 2643 στάς
234 2588 283 2630 τε·
303 2562 345 2629 τὰ
367 2559 428 2648 γάρ
449 2557 475 2628 τ’
500 2557 706 2652 άναθῆματα
728 2560 841 2642 δαιτός
863 2590 884 2629 α
908 2573 975 2647 152,
995 2567 1043 2632 ita
1060 2570 1096 2632 ut
1109 2565 1177 2631 illio
1189 2557 1305 2650 μολπῆ

139 2675 182 2741 sit
203 2673 290 2758 quod
309 2673 363 2738 hic
390 2665 556 2759 ὀρχηστάς,
580 2677 613 2739 et
634 2666 791 2758 φόρμιγξ,
815 2675 867 2740 cui
888 2697 945 2759 per
966 2696 1000 2739 se
1021 2677 1133 2739 cantus
1154 2673 1307 2738 coniunc-

139 2786 192 2848 tus
218 2780 396 2868 cogitatur,
421 2782 508 2865 quod
533 2780 586 2846 hio
606 2775 731 2866 μολπῆ.
773 2781 888 2848 Restat
907 2785 945 2847 ut
964 2781 1051 2847 huno
1071 2782 1178 2867 ipsum
1198 2779 1305 2846 locum

139 2895 242 2956 α152
270 2889 448 2963 accuratius
474 2887 693 2974 inspiciamus:
725 2881 829 2971 αὐτὰρ
856 2885 930 2954 ε’πεί
950 2884 1070 2965 πόσιος
1090 2885 1147 2952 καί
1173 2881 1306 2973 ἐδητύος

139 2991 176 3076 ἐξ
198 2989 273 3079 έρον
299 2991 372 3060 έντο
394 2997 590 3082 μνηστῆρες,
618 2999 725 3061 τοῖσιν
747 2992 808 3079 μὲν
830 2992 879 3061 cc
906 2993 1022 3084 φρεσίν
1043 2988 1130 3060 όίλλα
1149 2989 1302 3081 μεμῆλει,

136 3098 253 3189 μολπῆ
274 3093 300 3166 τ’
326 3095 481 3189 ὀρχηστάς
500 3125 550 3167 τε·
570 3100 612 3167 τὰ
632 3098 693 3188 γάρ
714 3095 740 3168 τ’
765 3095 971 3191 άναθῆματα
993 3099 1115 3181 δαιτός.
1151 3101 1253 3190 κῆρυξ
1270 3095 1302 3166 δ’

139 3207 173 3276 ἓν
191 3206 299 3295 χερσίν
320 3205 459 3295 κίθαριν
480 3204 673 3297 περικαλλέ’
698 3205 821 3299 έθηκεν
845 3205 973 3299 Φημίῳ,
996 3205 1034 3291 ός
1053 3207 1081 3298 ῥ’
1096 3206 1191 3300 ῆειδε
1212 3208 1305 3294 παρὰ
1354 3235 1356 3239 ’

136 3322 334 3405 μνηστῆρσιν
361 3311 495 3406 ἀνάγκη.
537 3309 561 3405 ῆ
582 3311 674 3385 τοιό
697 3313 868 3407 φορμίζων
894 3313 1094 3401 ἀνεβάλλετο
1116 3315 1219 3384 καλὸν
1239 3312 1307 3383 άεί-

138 3425 218 3505 δειν,
242 3419 347 3511 αὐτὰρ
363 3421 556 3514 Τηλέμαχος
576 3420 731 3515 προσέφη
754 3426 946 3512 γλαυκῶπιν
956 3421 1113 3515 Ἀθήνην,
1131 3420 1207 3512 άγχι
1220 3423 1306 3506 σχών

136 3528 294 3622 κεφαλῆν,
317 3533 371 3601 ῖνα
391 3531 437 3620 μῆ
460 3527 648 3601 πευθοίαθ’
673 3528 705 3600 οῖ
727 3527 839 3602 ttici·
863 3535 945 3617 ξεῖνε
960 3529 1043 3624 φίλ’,
1064 3527 1088 3622 ῆ
1107 3529 1165 3600 καί
1177 3557 1239 3617 μοι
1253 3557 1305 3600 νε-

134 3634 298 3729 μεσῆσεαι
318 3636 390 3706 ὅττι
408 3664 464 3706 κεν
485 3635 590 3720 εἴπω,
614 3634 783 3708 τούτοισιν
802 3638 863 3724 μέν
883 3646 987 3709 ταῦτα
1007 3640 1117 3726 μέλει,
1139 3639 1306 3728 κίθαρις

135 3746 203 3814 καί
225 3741 359 3835 όοιδῆ.
402 3748 520 3836 Incipit
541 3771 669 3830 canere,
695 3751 785 3836 proci
806 3753 945 3837 primum
966 3753 1113 3818 sedentes
1136 3755 1169 3818 et
1189 3751 1306 3816 attenti

135 3857 228 3924 illum
254 3858 402 3938 audiunt,
434 3864 507 3926 325:
533 3860 621 3924 τοῖσι
648 3850 679 3923 δ’
700 3851 819 3936 άοιδδς
845 3852 938 3924 όίειδε
963 3851 1173 3947 περικλυτός,
1208 3852 1240 3923 οῖ
1268 3853 1306 3922 δέ

135 3967 247 4054 σιωπῇ
268 3957 350 4029 εἵατ’
375 3958 565 4043 ἀκούοντες·
586 3958 605 4032 ό
629 3958 660 4030 δ’
681 3958 825 4046 ’Λχαιαῖν
846 3958 962 4033 νόστον
983 3961 1095 4032 άειδεν
1116 4011 1155 4022 -
1179 3973 1306 4054 etpost

137 4074 265 4140 demum
295 4073 411 4140 saltum
437 4074 534 4140 etiam
560 4075 695 4140 addunt:
729 4081 788 4143 421
818 4069 850 4140 οῖ
876 4067 907 4138 δ’
932 4069 980 4154 είς
1006 4068 1162 4164 όρχηστόν
1188 4098 1223 4140 τε
1249 4073 1306 4140 καί

136 4284 258 4356 ἐλθεῖν.
302 4289 396 4368 Quod
421 4290 455 4356 in
484 4289 671 4358 memoriam
692 4294 821 4359 revocat
848 4291 970 4376 illuto
994 4298 1054 4362 605
1075 4294 1121 4379 βῆ
1142 4285 1169 4378 ῥ’
1192 4285 1306 4387 ἴμεναι

133 4389 212 4478 μεθ’
235 4391 310 4475 δας,
336 4391 413 4462 λίπε
436 4390 468 4462 δ’
492 4391 589 4481 ἕρκεά
609 4420 645 4462 τε
665 4387 815 4485 μέγαρόν
830 4421 866 4464 τε
888 4398 1006 4464 πλεῖον
1029 4393 1249 4482 δαιτυμόνων·
1272 4392 1305 4462 οῖ
