3008 4980
515 345 539 402 i.
564 345 690 419 βάλλειν,
707 358 837 410 omarus,
854 338 912 399 sim.
1257 350 1297 413 57

135 512 179 574 M
196 518 257 580 458
280 507 311 596 (ἡ
337 511 452 600 διπλῇ)
471 509 525 578 ’ὅτι
546 517 614 577 πᾶν
634 511 672 578 τὸ
690 510 897 596 βαλλόμενον
917 506 1017 595 βέλος
1038 506 1140 595 λέγει,
1166 507 1224 576 καὶ
1243 514 1298 575 νῦν
1329 515 1332 522 ’

133 617 191 686 τὸν
217 614 318 685 λίθον
343 621 393 701 (ut
414 643 525 685 saxum
551 643 569 684 a
595 620 733 705 Cyclope
758 622 911 687 iactatum
938 643 949 682 ι
972 625 1046 699 495,
1076 640 1239 685 scamnum
1266 623 1298 684 et
1309 623 1364 690 (68)

135 767 307 838 opinionem:
326 786 412 838 quare
425 770 499 825 ultro
512 770 636 840 citroque
649 774 802 826 commotus
814 787 872 825 non
884 785 916 824 eo
928 771 1102 839 pervenerat,
1121 771 1182 823 uta
1194 769 1299 823 coniec-

134 852 215 907 tandi
231 852 347 908 libidine
364 857 424 908 tam
440 854 558 910 liberum
578 855 661 910 fuisse
678 855 869 909 Aristarchum
886 851 1037 908 certissime
1055 853 1190 917 crederet,
1216 871 1301 922 quam

134 936 189 991 loci
205 936 321 1006 quidam
337 938 492 1007 gravissimi
508 957 560 994 neo
576 939 631 1009 ipsi
647 939 749 994 Wolfio
766 937 856 1008 ignoti
878 937 981 992 etiam
1002 935 1131 992 diserte
1152 939 1299 992 testantur.
1390 950 1392 955 ·

135 1022 203 1076 Inde
224 1023 400 1087 factumest,
422 1027 456 1078 ut
471 1026 499 1078 et
522 1023 646 1086 coloso,
669 1023 718 1092 qui
739 1040 784 1076 me
807 1022 918 1077 adhoc
942 1020 1137 1076 diverticulum
1161 1021 1301 1082 invitavit,

135 1106 216 1160 unice
234 1123 329 1161 veram
345 1107 499 1162 Aristarchi
515 1107 664 1162 lectionem
685 1105 839 1177 respueret,
860 1109 894 1161 et
914 1103 1010 1160 multis
1031 1104 1093 1159 aliis
1114 1105 1181 1160 locis
1204 1108 1302 1160 contra

136 1207 220 1259 quam
237 1189 359 1246 rationes
382 1193 418 1246 ab
436 1193 497 1262 ipso
515 1190 661 1245 institutae
684 1191 790 1246 ferrent
807 1207 824 1244 a
841 1189 942 1244 summi
958 1188 1134 1258 grammatici
1151 1189 1303 1259 exemplari

136 1274 273 1330 deficeret.
303 1274 478 1343 Quamquam
493 1274 523 1327 id
535 1275 700 1345 exemplum,
719 1292 774 1344 quo
786 1274 832 1329 hio
844 1292 908 1329 usus
920 1291 996 1328 eram
1012 1274 1042 1327 in
1060 1273 1183 1328 editione
1202 1273 1301 1343 priore,

136 1362 162 1413 A
175 1363 224 1413 564
240 1360 337 1428 Τρῶες
348 1355 513 1430 ὑπέρθυμοι
524 1357 693 1428 τηλέκλητολ
703 1359 726 1414 τ’
741 1354 903 1428 ἐπίκουροι,
913 1359 963 1414 ubi
973 1357 1110 1413 traditum
1121 1350 1304 1427 Ἀρίσταρχος

136 1443 338 1512 πολυηγερέες,
355 1459 411 1497 non
429 1442 603 1513 aptissimum
621 1446 681 1498 erat
699 1445 728 1497 et
744 1441 804 1496 iure
821 1443 1020 1512 reprehensum
1038 1442 1201 1506 aBekkero,
1220 1441 1300 1495 Hom.
1377 1481 1384 1497 .

136 1524 284 1581 BlaetterI
300 1545 328 1597 p.
344 1531 400 1581 171.
429 1527 612 1596 Neglexeram
630 1527 704 1581 enim
723 1544 787 1581 eum
804 1544 914 1581 versum
933 1530 962 1582 et
980 1526 1093 1596 quidem
1110 1544 1221 1595 prorsus
1238 1542 1303 1579 eun-

137 1609 200 1664 dem
212 1609 297 1664 semel
307 1615 452 1680 praeterea
469 1614 706 1680 recurrere1233,
724 1611 759 1665 de
777 1627 832 1680 quo
847 1610 1054 1666 Aristarcheum
1071 1610 1142 1664 nihil
1159 1611 1302 1669 traditum.

137 1692 311 1762 Quamquam
332 1695 401 1749 mihi
418 1695 531 1765 quidem
552 1694 606 1749 vix>
619 1694 735 1749 dubium
752 1697 805 1759 est,
827 1693 895 1749 sin
913 1701 962 1750 564
981 1692 1177 1765 πολυηγερέες
1196 1695 1303 1766 inipso

137 1780 216 1832 textu
234 1777 346 1845 habuit,
368 1779 456 1834 altero
474 1779 571 1844 etiam,
596 1782 624 1834 et
642 1780 756 1848 quidem
772 1779 841 1835 item
859 1795 893 1834 ex
910 1777 1111 1849 exemplarium
1128 1781 1304 1847 quorundam

136 1861 202 1927 fide,
220 1861 356 1916 habuisse.
392 1862 447 1917 Sed
464 1863 538 1917 ultra
556 1863 614 1918 eius
632 1863 819 1919 constantiam
836 1880 1010 1933 progressam
1027 1879 1085 1917 esse
1102 1880 1160 1917 non
1179 1863 1302 1929 dixerim,

136 1945 183 1999 vix
199 1945 236 2000 ad
254 1962 363 2000 versum
380 1947 416 2000 ab
434 1946 489 2001 illis
505 1948 562 2001 iam
582 1947 698 2017 paulum
715 1947 895 2002 immutatum
912 1948 948 2001 M
961 1952 1009 2003 108
1028 1942 1088 2002 tas
1108 1942 1192 2002 ἄλλοι
1208 1950 1306 2018 Τρῶες
1391 2013 1392 2017 ¹

137 2030 306 2099 τηλέκλητολ
323 2032 345 2085 τ’
367 2026 532 2102 ἐπλκουροιι
554 2031 616 2098 ubi,
635 2032 741 2101 opinor,
759 2033 856 2086 sinon
867 2031 1029 2087 inveniebat
1046 2048 1103 2086 non
1121 2030 1304 2096 desiderabat,

137 2114 160 2168 si
176 2114 337 2170 inveniebat
354 2118 386 2170 ut
402 2115 530 2185 pulcrum
547 2133 599 2171 nec
622 2116 657 2170 de
678 2116 762 2172 trivio
780 2119 873 2171 ortum
897 2115 1055 2186 accipiebat
1072 2114 1199 2170 libenter.
1235 2115 1305 2170 Bek-

138 2199 219 2253 lrerus
241 2217 363 2254 summae
387 2200 439 2254 sihi
461 2200 491 2254 in
512 2201 566 2255 hoo
587 2217 689 2270 genere
707 2200 878 2255 constantiae
896 2201 988 2271 legem
1007 2199 1117 2271 scripsit
1134 2217 1202 2264 eam,
1215 2217 1306 2269 ¹quam

138 2287 212 2339 certe
229 2284 345 2339 Wolfius
366 2302 423 2339 non
445 2284 534 2353 magis
557 2302 641 2354 quam
657 2284 833 2340 Aristarchus
855 2286 979 2341 tenebat.
1013 2283 1057 2339 Sic
1075 2284 1219 2339 Bekkerus
1240 2284 1307 2353 quia

136 2370 247 2423 κλειτοὶ
258 2370 288 2423 et
296 2362 463 2437 οἷγακλειτολ
475 2366 629 2438 ἐπίκουροι
640 2370 766 2434 audiunt,
778 2369 950 2424 constantiae
959 2385 1041 2423 eausa
1050 2369 1119 2423 item
1128 2369 1308 2438 τηλεκλειτοὶ

138 2449 291 2522 ἐπίκουροι
308 2452 428 2523 scripsit,
450 2470 507 2507 non
523 2453 647 2509 Wolfius.
676 2454 714 2509 Et
734 2453 765 2507 in
781 2453 908 2508 Bekkero
931 2469 1020 2523 paene
1042 2469 1158 2522 quaeras
1180 2470 1229 2506 cur
1250 2470 1307 2507 non

137 2535 207 2591 item
228 2537 256 2591 K
278 2541 327 2591 420
350 2538 537 2593 πολυκλειτοὶ
559 2537 583 2591 δ’
606 2537 760 2608 ἐπίκουροι
781 2537 934 2608 scripserit,
957 2538 1006 2592 sed
1028 2531 1215 2606 πολύκλητοι;
1242 2554 1307 2591 nam

139 2620 214 2690 quod
230 2620 261 2676 Π.
281 2623 304 2675 Δ
321 2626 370 2676 438
389 2621 423 2676 de
440 2620 473 2674 iis
491 2620 593 2676 dieitur
610 2616 682 2676 ἀλλὰ
697 2621 803 2692 γλῶττ’
823 2620 977 2691 ἐμέμικτο,
999 2616 1176 2690 πολύκλητοι
1195 2613 1220 2674 δ’
1238 2614 1309 2675 ἐοαν

139 2699 242 2775 ἄνδρες
260 2704 393 2776 (reliquae
412 2723 480 2774 quas
497 2704 685 2760 Buttmannus
703 2704 785 2760 affert
801 2706 854 2760 lex.
867 2705 925 2760 195
944 2722 1051 2771 causae,
1068 2708 1101 2759 ut
1118 2721 1215 2759 verum
1232 2703 1308 2758 dica-

139 2807 200 2843 mus
220 2788 324 2856 futiles,
348 2793 422 2844 certe
444 2807 508 2844 eum
530 2807 587 2844 non
604 2790 775 2860 moverunt),
798 2790 829 2843 id
849 2789 1007 2844 Bekkerum
1032 2789 1145 2858 quidem
1166 2805 1224 2842 non
1246 2791 1309 2842 erat

140 2890 189 2928 cur
200 2875 330 2938 moveret,
349 2877 398 2928 aut
413 2874 436 2928 si
454 2873 549 2940 movit,
566 2873 623 2926 iam
641 2876 790 2942 quaeretur
808 2890 857 2928 cur
873 2891 931 2928 non
948 2891 965 2927 a
982 2876 1175 2942 salvaterrae
1192 2866 1308 2928 ἐπικού-

140 2975 204 3027 ροις
224 2958 309 3012 semel
330 2958 451 3027 probatis
468 2961 627 3013 transeatur
648 2957 685 3011 ad
709 2960 908 3026 τηλεκλητους.
942 2957 997 3011 Sed
1019 2957 1180 3012 aBekkero
1198 2956 1309 3011 veniam

140 3040 260 3111 petimus
278 3041 301 3095 si
317 3043 492 3098 acutissimae
514 3043 614 3097 oriseos
631 3040 767 3109 rationes,
789 3041 838 3095 ubi
862 3041 987 3096 nondum
1010 3042 1046 3095 ab
1064 3040 1124 3110 ipso
1142 3040 1307 3104 audirimus,

142 3124 244 3195 stipsi
265 3126 421 3194 quaerimus
444 3130 472 3182 et
493 3143 696 3194 nonnunquam
723 3143 781 3180 non
803 3143 837 3180 ex
860 3129 954 3181 mente
977 3125 1034 3180 eius
1057 3125 1236 3194 assequimur.
1270 3124 1309 3178 Ut

141 3211 339 3278 πολυκλὴτους
360 3209 534 3282 ἐπικούρους
550 3210 598 3265 illo
616 3210 689 3275 loeo,
712 3210 751 3265 sic
768 3209 884 3279 reliquit
905 3209 990 3265 semel
1009 3211 1095 3265 P362
1115 3211 1214 3279 νεκροὶ
1233 3208 1310 3275 ὁμοῦ

146 3283 254 3363 Τριύων
271 3298 321 3350 καλ
337 3289 525 3366 ὑπερμενέων
541 3290 717 3365 ἐπικούρων,
736 3296 765 3349 et
783 3295 807 3348 Ρ
821 3298 870 3348 220
889 3293 1011 3349 κέκλυτε
1029 3291 1119 3363 μυρίοι
1136 3295 1213 3362 φύλα
1230 3310 1310 3363 περι-

142 3376 268 3433 κτιόνων
284 3371 524 3450 ἐπικούρων,ὀλιὶ
541 3379 598 3434 illio
609 3380 800 3448 ἀγακλειτῶν,
815 3377 861 3432 hio
879 3379 1081 3447 περικλειτῶν,
1101 3379 1309 3443 πολυκλειτῶν,

140 3465 328 3533 πολυκλητωυ
346 3462 524 3518 videaturad
540 3480 655 3517 manum
673 3479 739 3517 esse.
768 3461 823 3516 Sed
840 3461 920 3516 nobis
937 3463 975 3516 ad
986 3462 1118 3517 Wolfium
1137 3462 1332 3572 redeundum(

141 3549 189 3600 est.
218 3545 330 3601 Etenim
346 3546 369 3599 si
386 3548 471 3602 etiam
487 3547 562 3602 ultra
578 3546 773 3618 progredimur
790 3545 1037 3614 adquaerendam,
1056 3564 1106 3601 our
1122 3564 1179 3601 non
1197 3547 1231 3601 de
1249 3550 1309 3601 arte

142 3628 239 3684 critica
258 3632 386 3686 veterum
407 3634 435 3686 et
458 3632 493 3686 de
514 3632 574 3702 ipso
598 3631 759 3687 Aristarcho
782 3629 884 3686 rectius
907 3629 1073 3686 iudicaverit
1094 3630 1223 3693 Wolfius,
1248 3648 1310 3686 eam

141 3712 297 3769 invenimus
319 3733 430 3770 eausam
451 3715 637 3785 potissimam,
659 3716 736 3784 quod
759 3732 831 3784 quae
854 3714 1022 3769 scholiomm
1039 3714 1211 3771 Venetorum
1233 3715 1310 3785 origo

143 3800 172 3852 et
188 3801 328 3854 structura
351 3800 388 3855 sit
404 3817 504 3871 parum
521 3800 703 3856 intellexerat.
739 3799 783 3854 Sic
802 3815 874 3868 quae
892 3798 947 3852 huc
964 3799 1136 3868 pertinentia
1153 3799 1263 3870 scripsit
1282 3818 1310 3869 p.

142 3881 274 3938 coxmv
285 3887 341 3939 not.
359 3902 393 3939 ea
411 3888 440 3940 et
457 3902 556 3939 manea
572 3887 638 3939 sunt
657 3887 685 3939 et
702 3884 772 3938 falsa
788 3882 916 3954 plurima,
935 3901 1105 3952 quamquam
1122 3883 1183 3938 aliis
1201 3883 1311 3953 quibus-

142 3966 207 4020 dam
223 3967 290 4022 loois
306 3970 395 4024 multo
413 3968 527 4039 propius
544 3968 580 4022 ad
597 3968 638 4022 rei
655 3967 804 4022 veritatem
823 3968 946 4025 accessit.
983 3967 1094 4022 Scilicet
1111 3967 1141 4021 in
1158 3969 1211 4023 hoc
1228 3984 1311 4036 saepe

142 4050 260 4106 hominis
281 4053 383 4108 subtile
404 4053 549 4124 ingenium
570 4051 723 4107 admiratus
746 4069 820 4117 sum,
847 4052 923 4120 quod
948 4069 981 4107 ex
1003 4052 1125 4122 repetita
1147 4053 1313 4108 scholiorum

142 4136 261 4191 lectione
282 4137 416 4207 pleraque
441 4140 517 4192 recte
540 4137 670 4192 odoratus
697 4138 751 4200 est,
782 4152 854 4205 quae
878 4137 992 4205 quidem
1019 4137 1165 4192 etiamtum
1187 4137 1311 4198 nescivit,

144 4221 251 4274 etiamsi
277 4221 340 4276 sciri
365 4221 439 4277 licet.
479 4221 534 4276 Sed
555 4221 608 4275 hoc
632 4219 848 4275 condonandum
868 4220 910 4273 illi
930 4221 961 4275 in
983 4238 1085 4291 magno
1108 4221 1312 4292 multiplicique

143 4320 226 4373 opere
247 4308 384 4374 occupato
405 4309 435 4361 et
455 4305 577 4376 primum
599 4305 649 4359 hos
673 4304 884 4360 scholiastarum
906 4307 1049 4360 thesauros
1072 4305 1207 4360 immensa
1229 4319 1313 4374 opera

144 4390 303 4445 excutienti.
325 4421 358 4432 -
380 4392 412 4444 In
432 4407 464 4445 eo
483 4390 570 4459 igitur
588 4389 664 4457 quod
686 4389 769 4458 longe
787 4389 912 4459 pluribus
931 4407 1016 4460 quam
1034 4391 1151 4445 decebat
1167 4388 1235 4443 locis
1252 4385 1312 4440 Ari·

1333 3501 1375 3572 es)

1328 3592 1359 3640 57
