3008 4980
407 357 428 406 1.
447 349 599 407 Aristonici
615 349 686 406 liber
704 351 739 406 de
756 349 830 406 notis
846 349 1007 406 Aristarchi.
1254 363 1291 423 15

119 520 213 599 libro,
235 542 299 604 quo
320 519 517 601 „Aristarchi
538 525 642 598 notas,
671 520 787 604 quibus
809 521 914 586 aliena
941 519 1081 586 carmina
1106 523 1293 607 compunxit
1306 543 1336 594 15

120 627 332 714 <conpinxit>‚
360 633 610 715 recognoverat“
635 627 758 711 (Senec.
780 651 829 713 ep.
853 634 906 705 88,
930 631 991 714 39).
1018 669 1059 680 -—
1087 628 1231 696 Similem
1251 629 1292 694 li·

119 736 214 800 brum
239 735 386 801 novimus
412 735 582 801 Philoxeni
614 732 693 821 περὶ
723 731 867 822 σημείων
894 738 957 803 τῶν
984 734 1017 802 ἐν
1041 736 1082 826 τῇ
1103 728 1225 801 Ἰλιάδι
1251 739 1292 821 (r.

121 841 230 926 suia).
272 843 431 930 Diogenis
458 843 521 924 (vel
548 843 755 930 Diogeniani)
781 845 863 911 liber
883 841 961 929 νιιρί
987 847 1054 910 τῶν
1075 840 1111 909 ἑν
1130 847 1200 922 τοῖς
1216 849 1293 929 βιβ-
1305 860 1361 928 (18)

121 947 205 1026 λίοις
238 943 382 1036 σημείων
417 950 532 1033 (Suid.)
568 956 601 1016 et
635 950 791 1033 Suetonii,
826 954 916 1020 cuins
951 953 1036 1019 idem
1062 952 1158 1018 index
1189 953 1242 1035 (id.
1269 977 1292 1021 s.

124 1054 360 1143 Τράχκυλλος),
386 1059 540 1124 videntur
561 1060 671 1145 potius
696 1060 729 1124 in
764 1060 953 1147 explicanda
983 1065 1114 1127 externa
1144 1064 1294 1126 notarum

120 1163 224 1230 forma
245 1166 362 1231 versati
385 1187 454 1231 esse
478 1168 608 1251 etquid
630 1168 776 1254 singulae
798 1172 894 1233 notae
915 1170 950 1233 in
970 1169 1108 1257 singulis
1130 1168 1294 1253 scriptori-

120 1272 181 1338 bus
209 1294 248 1338 ex
277 1273 560 1359 grammaticorum
590 1297 680 1341 more
711 1276 890 1342 indicarent
921 1279 1104 1362 expositum
1132 1277 1293 1343 habuisse.

120 1380 251 1446 Etenim
272 1381 402 1447 eaedem
423 1386 520 1447 notae
541 1381 606 1446 alia
625 1384 659 1448 in
680 1382 750 1448 aliis
771 1384 981 1466 scriptoribus
1007 1385 1241 1471 significabant.
1263 1407 1292 1449 v.

120 1487 247 1575 Menag.
272 1489 313 1555 ad
339 1489 435 1575 Diog.
460 1490 512 1557 La.
534 1489 582 1555 ΠΙ
603 1497 652 1559 65.
679 1489 860 1557 —Isidori
892 1493 996 1578 origg.
1027 1496 1124 1578 caput
1152 1490 1168 1556 I
1194 1499 1234 1560 20
1261 1495 1294 1556 et

122 1595 239 1661 similia
260 1619 363 1681 nuper
388 1597 519 1663 inventa
544 1599 585 1663 ad
611 1597 759 1664 Suetonii
794 1600 912 1664 librum
946 1599 1058 1665 referri
1089 1603 1223 1666 constat.
1252 1599 1293 1665 V.

120 1703 358 1769 Reifferscheid.
379 1727 409 1789 p.
436 1710 501 1774 138.
523 1742 564 1752 -
587 1704 652 1771 Sed
673 1728 712 1770 ex
732 1707 900 1773 Anecdoto
921 1706 1077 1788 Parisino,
1099 1708 1187 1792 quod
1207 1729 1294 1773 nunc

122 1816 171 1876 est
191 1812 277 1897 apud
297 1811 595 1878 Reifferscheidium
617 1836 647 1896 p.
672 1819 739 1894 139,
765 1813 828 1879 hoo
854 1814 1041 1898 apposuisse
1068 1815 1196 1881 adrem
1217 1837 1295 1880 nos·

120 1922 204 1984 tram
224 1919 411 2003 pertinebit:
431 1920 649 2000 „Asteriscum
670 1920 903 2005 Aristophanes
925 1923 1109 2006 apponebat
1128 1922 1193 1987 illis
1213 1923 1294 1987 locis

121 2204 213 2256 tatum
239 2219 298 2260 esse
320 2202 511 2259 Herodianum
536 2203 645 2273 aliquot
673 2201 789 2259 saeculis
817 2203 1007 2274 posteriorem.
1053 2203 1217 2276 <Dindorfio,
1246 2203 1295 2273 qui

121 2289 258 2356 punctum
269 2287 364 2358 posuit
373 2292 439 2360 post
449 2280 605 2359 τρόφιμον,
617 2288 704 2344 verba
717 2278 762 2344 δτι
780 2281 815 2343 τδ
825 2281 913 2359 τρόφι
932 2291 1068 2359 ἀποκοπῇ
1078 2291 1132 2344 τοῦ
1149 2285 1296 2358 τρόφιμον

122 2369 272 2427 Aristonici
293 2372 527 2442 videntur·esse.>
543 2403 577 2413 —
599 2373 628 2428 K
645 2378 676 2429 18
698 2375 716 2443 ἡ
740 2373 826 2444 διπλῆ
850 2360 895 2428 δτι
918 2372 1146 2443 Πάμφιλοςτὴν
1162 2365 1214 2426 ἐντί
1230 2363 1296 2426 τίνα-

122 2455 252 2527 στρέφει.
273 2449 480 2527 πιθανώτερον
496 2455 531 2512 δέ
547 2455 612 2513 ἐστι
629 2457 664 2514 τδ
682 2450 851 2513 ἀκόλουθον
866 2457 1067 2527 φυλάττοντας
1083 2447 1296 2523 ἀναγινώσκειν

121 2534 170 2595 ἐπὶ
187 2545 307 2612 πρῶτον
324 2539 470 2612 Νέστορα.
495 2533 592 2606 οὕτως
611 2531 860 2619 δἈσκαλοννίτης.
895 2541 1057 2598 Observatio
1079 2538 1225 2611 prosodioa
1241 2538 1294 2593 He·

121 2623 230 2680 rodiani
251 2629 294 2682 est
315 2625 375 2696 (sed
398 2625 506 2691 mutila,
524 2645 548 2681 v.
569 2629 673 2696 quaest.
698 2644 741 2697 ep.
765 2641 838 2696 spec.
856 2627 871 2681 1
888 2628 905 2696 ξ
922 2632 938 2683 9
955 2644 983 2696 p.
1002 2631 1043 2682 20.
1062 2629 1091 2680 21
1112 2626 1232 2694 <quaest
1250 2640 1293 2694 ep.

122 2728 151 2780 p.
168 2711 234 2781 84>).
269 2710 324 2770 Serl
341 2714 358 2782 ὴ
376 2712 462 2781 διπλῆ
480 2705 527 2766 ὅτι
545 2710 624 2778 ducit
642 2711 678 2766 ad
695 2710 891 2777 Aristonicum,
914 2710 991 2765 cuius
1013 2710 1100 2764 verba
1123 2708 1293 2764 exciderunt

122 2794 214 2864 <Nihil
235 2796 272 2850 ad
294 2794 489 2862 Aristonicum,
512 2814 576 2851 cnm
597 2797 683 2851 verba
704 2796 827 2865 ἣδισλῆ
848 2791 895 2851 δτι
912 2795 1004 2850 desint
1026 2794 1057 2850 in
1074 2793 1192 2864 codice.)
1216 2824 1251 2834 —
1267 2795 1297 2848 K

121 2885 170 2936 225
189 2877 272 2952 εἴπερ
294 2897 343 2937 τεν
366 2883 383 2951 ὴ
406 2883 493 2951 διπλῆ
513 2877 560 2936 ὅτι
583 2880 772 2958 Ἀρίσταρχος
796 2885 879 2951 εἴπερ
900 2898 928 2935 τι
951 2880 979 2949 (1.
998 2881 1040 2949 τε)
1057 2880 1108 2935 καὶ
1126 2874 1155 2934 οἱ
1173 2869 1231 2934 dud
1246 2881 1296 2948 τῆς

121 2966 238 3036 σχολῆς·
254 2967 305 3022 καὶ
317 2960 364 3022 ὅτι
381 2964 523 3036 περισσὸς
540 2963 556 3020 δ
574 2965 615 3023 τὲ.
638 2964 758 3020 Confusa
769 2963 845 3018 haec.
870 2962 1010 3019 Indicium
1027 2963 1062 3018 de
1079 2962 1158 3017 varia
1173 2961 1296 3018 lectione

121 3051 163 3104 est
179 3048 301 3119 Didymi.
335 3048 485 3105 Aristonici
501 3049 557 3104 fuit
574 3050 591 3120 ἣ
609 3052 696 3121 διπλῆ
713 3044 760 3106 ὅτι
777 3048 918 3119 περισσὸς
936 3046 952 3103 δ
971 3047 1005 3104 τέ
1022 3049 1109 3118 (quod
1121 3046 1216 3101 multis
1226 3044 1295 3100 locis

121 3133 268 3205 observat).
299 3134 417 3205 <Cobeto
435 3152 452 3188 a
469 3133 613 3190 Dindorfio
631 3135 711 3189 adh.
732 3134 883 3191 l.1audato
902 3132 972 3187 nihil
990 3131 1109 3187 debetur
1132 3130 1184 3186 nisi
1202 3125 1296 3195 οὕτως

119 3207 304 3288 Ἀρίσταρχος
315 3236 366 3289 pro
380 3209 425 3275 δτι
440 3210 632 3291 Ἀρίσταρχος.
655 3217 735 3285 Quod
752 3219 838 3275 etiam
853 3217 884 3272 in
901 3217 1029 3287 sequenti
1046 3216 1150 3272 scholio
1163 3214 1294 3271 restitnit.

120 3303 239 3372 ἡδινιλῆ
253 3302 283 3356 in
300 3306 419 3372 utroque
437 3307 514 3366 caret
530 3304 632 3360 codicis
649 3289 841 3374 auctoritate.)
852 3334 887 3344 -
898 3303 928 3357 Κ
943 3307 992 3357 445
1012 3304 1029 3372 ἡ
1047 3304 1135 3372 διπλῆ
1160 3296 1207 3357 ὅτι
1224 3292 1296 3373 Ἀρί-

31 3459 37 3468 .
121 3401 246 3458 σταρχσς
263 3385 297 3457 δὲ
315 3380 379 3444 κατ’
395 3381 489 3454 αἶσαν,
508 3383 567 3454 ἔξω
585 3386 704 3461 ταῦροί,
727 3391 778 3445 καὶ
794 3383 841 3444 ὅτι
856 3388 920 3460 (καί
942 3384 1022 3442 ἐστιν
1038 3385 1113 3455 cod.)
1131 3381 1238 3452 ὅμοιον
1253 3388 1297 3457 τῷ

120 3467 154 3539 ἠὲ
171 3469 246 3537 μετὰ
261 3470 402 3541 Τρώεσσι.
430 3472 507 3528 Haec
525 3474 680 3530 observatio
704 3475 738 3530 de
764 3473 885 3529 lectione
909 3470 1087 3527 Aristarchea
1109 3467 1222 3538 Didymi
1244 3471 1294 3533 est,
1307 3477 1338 3527 15

120 3569 173 3608 nec
195 3555 280 3609 verba
302 3556 319 3625 ἡ
342 3556 427 3626 διπλῆ
451 3557 504 3612 hoc
526 3557 587 3613 loco
614 3559 668 3614 nisi
689 3576 781 3615 errore
803 3558 923 3612 intrusa:
947 3573 1013 3611 nam
1035 3554 1111 3625 quod
1134 3553 1230 3623 diplen
1252 3570 1296 3608 ex·

120 3638 210 3708 plicat
236 3639 387 3696 Aristonici
414 3641 540 3698 scholion
558 3643 650 3712 ipsum
673 3646 813 3698 servatum
836 3645 878 3697 est
898 3640 948 3696 sic:
981 3640 1056 3711 νιρδς
1083 3639 1118 3696 τδ
1147 3634 1220 3705 οὐκί,
1249 3633 1296 3704 ὅτι
1378 3646 1381 3655 “

120 3724 213 3793 ὑγιῶς
230 3723 278 3781 διὰ
294 3729 348 3781 τοῦ
363 3726 454 3794 ψιλοῦ
471 3719 665 3798 ἆντιστοίχον.
687 3758 721 3767 -
738 3726 905 3795 stringimus
921 3726 991 3780 haec
1013 3727 1047 3779 ut
1068 3741 1155 3794 genus
1173 3739 1296 3778 errorum

121 3811 313 3879 cognoscatur.
352 3806 447 3865 Unum
463 3810 565 3866 addam
583 3812 658 3881 qnod
675 3811 760 3866 fallax
779 3814 828 3879 est.
871 3813 897 3866 P
912 3815 959 3866 125
984 3812 1001 3881 ἡ
1031 3802 1117 3878 διπλῆ
1145 3807 1211 3878 <hoo
1242 3824 1295 3863 om.

120 3893 196 3965 cod.)
216 3885 261 3949 du
278 3891 360 3951 ίσικε
378 3901 612 3966 παρεαιτιμῶντι
631 3896 646 3949 δ
666 3884 852 3973 Ἀρίσταρχος
870 3898 913 3968 τῷ
929 3894 1053 3967 Ὁμήρῳ·
1083 3890 1192 3962 οὐγὰρ
1211 3885 1298 3955 αὐτὸς

120 3975 156 4049 ἢν
178 3967 321 4049 δἝκτωρ
339 3977 356 4034 ὁ
374 3982 535 4045 σκυλεύσας
550 4012 591 4034 -.
608 3979 666 4035 Nec
682 3981 736 4035 hoc
753 3976 859 4036 sanum.
883 3978 1054 4039 Aristonicus
1066 3977 1105 4032 sio
1117 3977 1175 4032 fere
1187 3974 1296 4046 scripsit

121 4053 139 4146 ἦ
161 4064 249 4132 διπλῆ
267 4057 342 4134 πρὸς
362 4058 398 4120 cd
424 4066 530 4121 δοκοῦν
546 4059 693 4136 μάχεσθαι
714 4068 752 4135 (v.
773 4067 797 4119 Z
818 4069 876 4120 265.
899 4067 925 4118 Δ
948 4067 1000 4133 51).
1023 4060 1136 4133 οὐγὰρ
1158 4091 1200 4115 -.
1219 4060 1296 4125 Quae

119 4145 285 4218 interposita
304 4151 371 4203 sunt
387 4149 433 4204 vel
449 4149 650 4204 aberraverunt
666 4149 722 4204 hnc
739 4165 773 4203 ex
795 4148 852 4203 aha
869 4152 937 4203 nota
952 4163 1028 4201 nunc
1050 4145 1198 4216 deperdita
1216 4147 1251 4217 (v.
1271 4161 1294 4198 c.

119 4230 279 4302 Porphyrii)
302 4233 347 4286 vel
368 4233 405 4287 ab
428 4232 521 4302 aliquo
545 4233 649 4288 lectore
678 4232 819 4304 adscripta
848 4232 946 4287 eodem
970 4229 1093 4296 consilio,
1123 4247 1177 4299 quo
1201 4231 1229 4284 Γ
1246 4231 1295 4282 306

120 4315 157 4369 ad
178 4315 323 4371 Nicanoris
343 4320 441 4372 notam
469 4316 640 4387 adscriptum
662 4321 716 4372 est:
738 4309 941 4388 (σημεὶωτὲον)
966 4305 1012 4371 ὅτι
1034 4318 1140 4388 σαφῶς
1165 4313 1295 4370 ἐνταῦθα

119 4402 259 4472 βραχεῖαν
275 4402 432 4474 διαστολὴν
447 4405 500 4474 τὴν
515 4402 701 4474 διιοστιγμὴν
719 4407 843 4474 ελρηκεν.
