<?xml version="1.0" encoding="UTF-8"?>
<!DOCTYPE html PUBLIC "-//W3C//DTD XHTML 1.0 Transitional//EN"
    "http://www.w3.org/TR/xhtml1/DTD/xhtml1-transitional.dtd">
<html xmlns="http://www.w3.org/1999/xhtml" xml:lang="en" lang="en">
 <head>
  <title>
</title>
<meta http-equiv="Content-Type" content="text/html;charset=utf-8" />
  <meta name='ocr-system' content='tesseract 3.04.00' />
  <meta name='ocr-capabilities' content='ocr_page ocr_carea ocr_par ocr_line ocrx_word'/>
</head>
<body>
  <div class='ocr_page' id='page_1' title='image "./dearistarchistu01lehrgoog/dearistarchistu01lehrgoog_0256.png"; bbox 0 0 3008 4980; ppageno 0'>
   <div class='ocr_carea' id='block_1_1' title="bbox 562 353 1297 422">
    <p class='ocr_par' dir='ltr' id='par_1_1' title="bbox 562 353 1297 422">
     <span class='ocr_line' id='line_1_1' title="bbox 562 353 1297 422; baseline 0.007 -12"><span class='ocrx_word' id='word_1_1' title='bbox 562 360 586 413; x_wconf 85' lang='lat'><strong>5.</strong></span> <span class='ocrx_word' id='word_1_2' title='bbox 615 355 656 410; x_wconf 88' lang='lat' dir='ltr'><strong>De</strong></span> <span class='ocrx_word' id='word_1_3' title='bbox 673 353 750 409; x_wconf 84' lang='lat' dir='ltr'>Ulixi</span> <span class='ocrx_word' id='word_1_4' title='bbox 768 354 913 411; x_wconf 82' lang='lat' dir='ltr'><strong>erroribus.</strong></span> <span class='ocrx_word' id='word_1_5' title='bbox 1238 360 1297 422; x_wconf 80' lang='lat'><strong>241</strong></span> 
     </span>
    </p>
   </div>
   <div class='ocr_carea' id='block_1_2' title="bbox 131 519 1299 607">
    <p class='ocr_par' dir='ltr' id='par_1_2' title="bbox 131 519 1299 607">
     <span class='ocr_line' id='line_1_2' title="bbox 131 519 1299 607; baseline -0.001 -21"><span class='ocrx_word' id='word_1_6' title='bbox 131 519 245 599; x_wconf 79' lang='lat' dir='ltr'><strong>Nisae,</strong></span> <span class='ocrx_word' id='word_1_7' title='bbox 270 521 465 607; x_wconf 85' lang='lat' dir='ltr'><strong>Apollodors</strong></span> <span class='ocrx_word' id='word_1_8' title='bbox 496 522 700 589; x_wconf 81' lang='lat' dir='ltr'><strong>Commentar</strong></span> <span class='ocrx_word' id='word_1_9' title='bbox 728 547 800 588; x_wconf 88' lang='lat' dir='ltr'><strong>zum</strong></span> <span class='ocrx_word' id='word_1_10' title='bbox 822 519 1089 605; x_wconf 82' lang='lat' dir='ltr'><strong>Schiffslrataloge</strong></span> <span class='ocrx_word' id='word_1_11' title='bbox 1117 519 1164 585; x_wconf 89' lang='lat' dir='ltr'><strong>als</strong></span> <span class='ocrx_word' id='word_1_12' title='bbox 1187 519 1299 598; x_wconf 86' lang='lat' dir='ltr'><strong>Quelle</strong></span> 
     </span>
    </p>
   </div>
   <div class='ocr_carea' id='block_1_3' title="bbox 133 626 1301 823">
    <p class='ocr_par' dir='ltr' id='par_1_3' title="bbox 133 626 1301 823">
     <span class='ocr_line' id='line_1_3' title="bbox 133 626 1300 716; baseline -0.003 -21"><span class='ocrx_word' id='word_1_13' title='bbox 133 628 280 707; x_wconf 80' lang='lat' dir='ltr'><strong>Strobos,</strong></span> <span class='ocrx_word' id='word_1_14' title='bbox 314 629 395 694; x_wconf 90' lang='lat' dir='ltr'><strong>Mus.</strong></span> <span class='ocrx_word' id='word_1_15' title='bbox 433 629 535 697; x_wconf 83' lang='lat' dir='ltr'><strong>Rhen.</strong></span> <span class='ocrx_word' id='word_1_16' title='bbox 566 630 684 697; x_wconf 88' lang='lat' dir='ltr'>XXXII</span> <span class='ocrx_word' id='word_1_17' title='bbox 713 655 745 716; x_wconf 90' lang='lat' dir='ltr'><strong>p.</strong></span> <span class='ocrx_word' id='word_1_18' title='bbox 772 636 832 697; x_wconf 77' lang='grc'><strong>267</strong></span> <span class='ocrx_word' id='word_1_19' title='bbox 865 652 932 714; x_wconf 86' lang='lat' dir='ltr'><strong>sqq.</strong></span> <span class='ocrx_word' id='word_1_20' title='bbox 968 632 1001 693; x_wconf 93' lang='lat' dir='ltr'><strong>et</strong></span> <span class='ocrx_word' id='word_1_21' title='bbox 1033 649 1115 711; x_wconf 89' lang='lat' dir='ltr'><strong>quae</strong></span> <span class='ocrx_word' id='word_1_22' title='bbox 1149 626 1300 692; x_wconf 85' lang='lat' dir='ltr'><strong>Lehrsius</strong></span> 
     </span>
     <span class='ocr_line' id='line_1_4' title="bbox 134 731 1301 823; baseline -0.003 -22"><span class='ocrx_word' id='word_1_23' title='bbox 134 736 173 801; x_wconf 88' lang='lat' dir='ltr'><strong>de</strong></span> <span class='ocrx_word' id='word_1_24' title='bbox 203 736 264 801; x_wconf 86' lang='lat' dir='ltr'><strong>hac</strong></span> <span class='ocrx_word' id='word_1_25' title='bbox 299 738 569 804; x_wconf 75' lang='lat' dir='ltr'><strong>commentatione</strong></span> <span class='ocrx_word' id='word_1_26' title='bbox 605 739 732 823; x_wconf 78' lang='lat' dir='ltr'><strong>scripsit</strong></span> <span class='ocrx_word' id='word_1_27' title='bbox 767 735 1024 803; x_wconf 80' lang='lat' dir='ltr'><strong>Wissenschaftl.</strong></span> <span class='ocrx_word' id='word_1_28' title='bbox 1051 734 1225 800; x_wconf 88' lang='lat' dir='ltr'><strong>Monatsbl.</strong></span> <span class='ocrx_word' id='word_1_29' title='bbox 1254 731 1301 798; x_wconf 88' lang='lat' dir='ltr'><strong>Vl</strong></span> 
     </span>
    </p>
   </div>
   <div class='ocr_carea' id='block_1_4' title="bbox 132 845 330 960">
    <p class='ocr_par' dir='ltr' id='par_1_4' title="bbox 132 845 330 960">
     <span class='ocr_line' id='line_1_5' title="bbox 132 845 330 960; baseline 0.005 -32"><span class='ocrx_word' id='word_1_30' title='bbox 132 867 163 928; x_wconf 79' lang='lat' dir='ltr'><strong>a</strong></span> <span class='ocrx_word' id='word_1_31' title='bbox 185 851 224 912; x_wconf 80' lang='lat'><strong>⁷0</strong></span> <span class='ocrx_word' id='word_1_32' title='bbox 246 845 330 960; x_wconf 72' lang='lat' dir='ltr'><strong>sus-l</strong></span> 
     </span>
    </p>
   </div>
   <div class='ocr_carea' id='block_1_5' title="bbox 684 1015 753 1097">
    <p class='ocr_par' dir='ltr' id='par_1_5' title="bbox 684 1015 753 1097">
     <span class='ocr_line' id='line_1_6' title="bbox 684 1015 753 1097; baseline -0.014 -17"><span class='ocrx_word' id='word_1_33' title='bbox 684 1015 753 1097; x_wconf 70' lang='lat' dir='ltr'><strong>sl.</strong></span> 
     </span>
    </p>
   </div>
   <div class='ocr_carea' id='block_1_6' title="bbox 542 1162 892 1229">
    <p class='ocr_par' dir='ltr' id='par_1_6' title="bbox 542 1162 892 1229">
     <span class='ocr_line' id='line_1_7' title="bbox 542 1162 892 1229; baseline 0.009 -3"><span class='ocrx_word' id='word_1_34' title='bbox 542 1163 591 1228; x_wconf 84' lang='lat' dir='ltr'><strong>De</strong></span> <span class='ocrx_word' id='word_1_35' title='bbox 617 1162 706 1228; x_wconf 76' lang='lat' dir='ltr'><strong>Ulc&#39;ccc</strong></span> <span class='ocrx_word' id='word_1_36' title='bbox 726 1163 892 1229; x_wconf 70' lang='lat' dir='ltr'><strong>erroribus.</strong></span> 
     </span>
    </p>
   </div>
   <div class='ocr_carea' id='block_1_7' title="bbox 133 1316 1386 3885">
    <p class='ocr_par' dir='ltr' id='par_1_7' title="bbox 134 1316 1302 1620">
     <span class='ocr_line' id='line_1_8' title="bbox 217 1316 1302 1415; baseline -0.009 -21"><span class='ocrx_word' id='word_1_37' title='bbox 217 1326 323 1394; x_wconf 84' lang='lat' dir='ltr'><strong>Schol.</strong></span> <span class='ocrx_word' id='word_1_38' title='bbox 352 1350 368 1391; x_wconf 85' lang='grc' dir='ltr'><em>ε</em></span> <span class='ocrx_word' id='word_1_39' title='bbox 389 1336 428 1395; x_wconf 84' lang='grc'><strong>55</strong></span> <span class='ocrx_word' id='word_1_40' title='bbox 455 1326 543 1413; x_wconf 81' lang='grc' dir='ltr'><strong><em>πρὸς</em></strong></span> <span class='ocrx_word' id='word_1_41' title='bbox 566 1325 607 1392; x_wconf 80' lang='grc' dir='ltr'><strong>τὰ</strong></span> <span class='ocrx_word' id='word_1_42' title='bbox 631 1327 709 1414; x_wconf 80' lang='grc' dir='ltr'><em>περὶ</em></span> <span class='ocrx_word' id='word_1_43' title='bbox 732 1331 792 1415; x_wconf 73' lang='grc' dir='ltr'><strong>τῆς</strong></span> <span class='ocrx_word' id='word_1_44' title='bbox 820 1320 949 1411; x_wconf 79' lang='grc' dir='ltr'><em>πλάνης</em></span> <span class='ocrx_word' id='word_1_45' title='bbox 970 1319 1023 1390; x_wconf 78' lang='grc' dir='ltr'><strong>ὅτι</strong></span> <span class='ocrx_word' id='word_1_46' title='bbox 1045 1319 1155 1407; x_wconf 57' lang='lat' dir='ltr'><strong>addico</strong></span> <span class='ocrx_word' id='word_1_47' title='bbox 1177 1344 1245 1387; x_wconf 81' lang='grc' dir='ltr'><strong>που</strong></span> <span class='ocrx_word' id='word_1_48' title='bbox 1268 1316 1302 1385; x_wconf 78' lang='grc' dir='ltr'><strong>ἐν</strong></span> 
     </span>
     <span class='ocr_line' id='line_1_9' title="bbox 134 1427 1300 1521; baseline -0.003 -23"><span class='ocrx_word' id='word_1_49' title='bbox 134 1428 421 1516; x_wconf 77' lang='grc' dir='ltr'><strong><em>ἐκτετοπισμένοις</em></strong></span> <span class='ocrx_word' id='word_1_50' title='bbox 440 1427 561 1513; x_wconf 82' lang='grc' dir='ltr'><strong><em>τόποις</em></strong></span> <span class='ocrx_word' id='word_1_51' title='bbox 583 1428 753 1521; x_wconf 80' lang='grc' dir='ltr'><strong><em>ἀορίστοις</em></strong></span> <span class='ocrx_word' id='word_1_52' title='bbox 782 1440 840 1502; x_wconf 89' lang='lat' dir='ltr'><strong>oet.</strong></span> <span class='ocrx_word' id='word_1_53' title='bbox 868 1432 1022 1501; x_wconf 84' lang='lat' dir='ltr'><strong>Similiter</strong></span> <span class='ocrx_word' id='word_1_54' title='bbox 1043 1454 1063 1494; x_wconf 89' lang='grc' dir='ltr'><strong>κ</strong></span> <span class='ocrx_word' id='word_1_55' title='bbox 1088 1437 1154 1498; x_wconf 84' lang='grc'><strong>190.</strong></span> <span class='ocrx_word' id='word_1_56' title='bbox 1190 1427 1300 1497; x_wconf 71' lang='grc'><strong>(1556.</strong></span> 
     </span>
     <span class='ocr_line' id='line_1_10' title="bbox 135 1541 242 1620; baseline 0.019 -10"><span class='ocrx_word' id='word_1_57' title='bbox 135 1541 242 1620; x_wconf 82' lang='grc' dir='ltr'><strong>ζ204.</strong></span> 
     </span>
    </p>

    <p class='ocr_par' dir='ltr' id='par_1_8' title="bbox 133 1645 1386 3885">
     <span class='ocr_line' id='line_1_11' title="bbox 216 1645 1304 1735; baseline -0.006 -21"><span class='ocrx_word' id='word_1_58' title='bbox 216 1649 311 1716; x_wconf 90' lang='lat' dir='ltr'><strong>Italia</strong></span> <span class='ocrx_word' id='word_1_59' title='bbox 330 1650 462 1716; x_wconf 85' lang='lat' dir='ltr'><strong>inferior</strong></span> <span class='ocrx_word' id='word_1_60' title='bbox 484 1655 517 1716; x_wconf 92' lang='lat' dir='ltr'><strong>et</strong></span> <span class='ocrx_word' id='word_1_61' title='bbox 537 1650 698 1717; x_wconf 90' lang='lat' dir='ltr'><strong>interioris</strong></span> <span class='ocrx_word' id='word_1_62' title='bbox 720 1651 817 1715; x_wconf 91' lang='lat' dir='ltr'><strong>maris</strong></span> <span class='ocrx_word' id='word_1_63' title='bbox 838 1671 912 1735; x_wconf 89' lang='lat' dir='ltr'><strong>pars</strong></span> <span class='ocrx_word' id='word_1_64' title='bbox 934 1647 1081 1713; x_wconf 89' lang='lat' dir='ltr'><strong>adiacens</strong></span> <span class='ocrx_word' id='word_1_65' title='bbox 1100 1645 1221 1729; x_wconf 90' lang='lat' dir='ltr'><strong>repleta</strong></span> <span class='ocrx_word' id='word_1_66' title='bbox 1236 1647 1304 1709; x_wconf 93' lang='lat' dir='ltr'><strong>erat</strong></span> 
     </span>
     <span class='ocr_line' id='line_1_12' title="bbox 133 1744 1304 1838; baseline -0.007 -15"><span class='ocrx_word' id='word_1_67' title='bbox 133 1759 351 1824; x_wconf 76' lang='lat' dir='ltr'><strong>monumentis</strong></span> <span class='ocrx_word' id='word_1_68' title='bbox 373 1759 488 1825; x_wconf 87' lang='lat' dir='ltr'><strong>erroris</strong></span> <span class='ocrx_word' id='word_1_69' title='bbox 508 1759 604 1827; x_wconf 85' lang='lat' dir='ltr'><strong>Ulixi.</strong></span> <span class='ocrx_word' id='word_1_70' title='bbox 647 1758 698 1825; x_wconf 93' lang='lat' dir='ltr'><strong>Ibi</strong></span> <span class='ocrx_word' id='word_1_71' title='bbox 720 1761 788 1824; x_wconf 90' lang='lat' dir='ltr'><strong>erat</strong></span> <span class='ocrx_word' id='word_1_72' title='bbox 802 1753 998 1834; x_wconf 80' lang='grc' dir='ltr'><strong><em>Σκύλλαιον,</em></strong></span> <span class='ocrx_word' id='word_1_73' title='bbox 1022 1748 1196 1838; x_wconf 83' lang='grc' dir='ltr'><strong><em>Κίρκαιον,</em></strong></span> <span class='ocrx_word' id='word_1_74' title='bbox 1214 1744 1304 1816; x_wconf 87' lang='grc' dir='ltr'><em>Αἰό-</em></span> 
     </span>
     <span class='ocr_line' id='line_1_13' title="bbox 134 1859 1304 1953; baseline -0.002 -27"><span class='ocrx_word' id='word_1_75' title='bbox 134 1862 194 1930; x_wconf 86' lang='grc' dir='ltr'><strong>λοο</strong></span> <span class='ocrx_word' id='word_1_76' title='bbox 215 1867 327 1950; x_wconf 74' lang='grc' dir='ltr'><strong><em>νῆσος,</em></strong></span> <span class='ocrx_word' id='word_1_77' title='bbox 348 1869 586 1953; x_wconf 77' lang='grc' dir='ltr'><strong><em>Σειρηνοῦσσαι</em></strong></span> <span class='ocrx_word' id='word_1_78' title='bbox 607 1870 639 1932; x_wconf 91' lang='lat' dir='ltr'><strong>et</strong></span> <span class='ocrx_word' id='word_1_79' title='bbox 658 1865 721 1932; x_wconf 85' lang='lat' dir='ltr'><strong>alia</strong></span> <span class='ocrx_word' id='word_1_80' title='bbox 742 1865 866 1931; x_wconf 86' lang='lat' dir='ltr'><strong>similia.</strong></span> <span class='ocrx_word' id='word_1_81' title='bbox 896 1862 1040 1942; x_wconf 82' lang='lat' dir='ltr'><strong>Quorum</strong></span> <span class='ocrx_word' id='word_1_82' title='bbox 1058 1861 1224 1927; x_wconf 88' lang='lat' dir='ltr'><strong>nominum</strong></span> <span class='ocrx_word' id='word_1_83' title='bbox 1240 1859 1304 1924; x_wconf 90' lang='lat' dir='ltr'><strong>ori-</strong></span> 
     </span>
     <span class='ocr_line' id='line_1_14' title="bbox 134 1967 1304 2060; baseline -0.005 -23"><span class='ocrx_word' id='word_1_84' title='bbox 134 1972 243 2059; x_wconf 85' lang='lat' dir='ltr'><strong>ginem</strong></span> <span class='ocrx_word' id='word_1_85' title='bbox 257 1972 349 2039; x_wconf 89' lang='lat' dir='ltr'><strong>facile</strong></span> <span class='ocrx_word' id='word_1_86' title='bbox 363 1973 583 2060; x_wconf 76' lang='lat' dir='ltr'><strong>intelligimus.</strong></span> <span class='ocrx_word' id='word_1_87' title='bbox 614 1973 745 2040; x_wconf 73' lang='lat' dir='ltr'><strong>Scilicet</strong></span> <span class='ocrx_word' id='word_1_88' title='bbox 759 1994 832 2038; x_wconf 91' lang='lat' dir='ltr'><strong>cum</strong></span> <span class='ocrx_word' id='word_1_89' title='bbox 847 1973 1047 2038; x_wconf 91' lang='lat' dir='ltr'><strong>occidentem</strong></span> <span class='ocrx_word' id='word_1_90' title='bbox 1059 1992 1169 2035; x_wconf 83' lang='lat' dir='ltr'><strong>versus</strong></span> <span class='ocrx_word' id='word_1_91' title='bbox 1176 1967 1304 2034; x_wconf 87' lang='lat' dir='ltr'><strong>Ulixem</strong></span> 
     </span>
     <span class='ocr_line' id='line_1_15' title="bbox 135 2075 1303 2164; baseline -0.006 -18"><span class='ocrx_word' id='word_1_92' title='bbox 135 2103 257 2146; x_wconf 87' lang='lat' dir='ltr'><strong>errasse</strong></span> <span class='ocrx_word' id='word_1_93' title='bbox 289 2103 327 2145; x_wconf 88' lang='lat' dir='ltr'><strong>ex</strong></span> <span class='ocrx_word' id='word_1_94' title='bbox 360 2082 553 2147; x_wconf 83' lang='lat' dir='ltr'><strong>carminibus</strong></span> <span class='ocrx_word' id='word_1_95' title='bbox 579 2081 713 2148; x_wconf 86' lang='lat' dir='ltr'><strong>Homeri</strong></span> <span class='ocrx_word' id='word_1_96' title='bbox 744 2082 821 2147; x_wconf 88' lang='lat' dir='ltr'><strong>satis</strong></span> <span class='ocrx_word' id='word_1_97' title='bbox 849 2081 1001 2160; x_wconf 76' lang='lat' dir='ltr'><strong>eluceret,</strong></span> <span class='ocrx_word' id='word_1_98' title='bbox 1028 2081 1202 2164; x_wconf 87' lang='lat' dir='ltr'><strong>postquam</strong></span> <span class='ocrx_word' id='word_1_99' title='bbox 1228 2075 1303 2140; x_wconf 92' lang='lat' dir='ltr'><strong>illae</strong></span> 
     </span>
     <span class='ocr_line' id='line_1_16' title="bbox 134 2154 1386 2279; baseline -0.003 -27"><span class='ocrx_word' id='word_1_100' title='bbox 134 2189 284 2273; x_wconf 76' lang='lat' dir='ltr'><strong>regiones</strong></span> <span class='ocrx_word' id='word_1_101' title='bbox 315 2210 372 2272; x_wconf 92' lang='lat' dir='ltr'><strong>per</strong></span> <span class='ocrx_word' id='word_1_102' title='bbox 398 2189 536 2256; x_wconf 80' lang='lat' dir='ltr'><strong>Graecos</strong></span> <span class='ocrx_word' id='word_1_103' title='bbox 564 2194 678 2255; x_wconf 90' lang='lat' dir='ltr'><strong>nautas</strong></span> <span class='ocrx_word' id='word_1_104' title='bbox 699 2188 896 2272; x_wconf 89' lang='lat' dir='ltr'><strong>frequentari</strong></span> <span class='ocrx_word' id='word_1_105' title='bbox 918 2190 1064 2271; x_wconf 86' lang='lat' dir='ltr'><strong>coeptae,</strong></span> <span class='ocrx_word' id='word_1_106' title='bbox 1089 2185 1170 2251; x_wconf 90' lang='lat' dir='ltr'><strong>locis</strong></span> <span class='ocrx_word' id='word_1_107' title='bbox 1191 2206 1301 2249; x_wconf 89' lang='lat' dir='ltr'><strong>recens</strong></span> <span class='ocrx_word' id='word_1_108' title='bbox 1315 2154 1386 2279; x_wconf 58' lang='grc' dir='ltr'>(ξῗζ)</span> 
     </span>
     <span class='ocr_line' id='line_1_17' title="bbox 136 2291 1304 2383; baseline -0.004 -22"><span class='ocrx_word' id='word_1_109' title='bbox 136 2295 271 2361; x_wconf 87' lang='lat' dir='ltr'><strong>detectis</strong></span> <span class='ocrx_word' id='word_1_110' title='bbox 297 2295 427 2360; x_wconf 90' lang='lat' dir='ltr'><strong>nomina</strong></span> <span class='ocrx_word' id='word_1_111' title='bbox 455 2300 645 2382; x_wconf 88' lang='lat' dir='ltr'><strong>quaerentes</strong></span> <span class='ocrx_word' id='word_1_112' title='bbox 673 2319 732 2383; x_wconf 90' lang='lat' dir='ltr'><strong>pro</strong></span> <span class='ocrx_word' id='word_1_113' title='bbox 754 2296 887 2361; x_wconf 85' lang='lat' dir='ltr'><strong>arbitrio</strong></span> <span class='ocrx_word' id='word_1_114' title='bbox 909 2295 1133 2379; x_wconf 91' lang='lat' dir='ltr'><strong>imposuerunt</strong></span> <span class='ocrx_word' id='word_1_115' title='bbox 1155 2291 1304 2377; x_wconf 82' lang='lat' dir='ltr'><strong>mythico.</strong></span> 
     </span>
     <span class='ocr_line' id='line_1_18' title="bbox 134 2399 1304 2484; baseline -0.003 -16"><span class='ocrx_word' id='word_1_116' title='bbox 134 2403 238 2469; x_wconf 90' lang='lat' dir='ltr'><strong>Multa</strong></span> <span class='ocrx_word' id='word_1_117' title='bbox 262 2402 398 2469; x_wconf 85' lang='lat' dir='ltr'><strong>fortasse</strong></span> <span class='ocrx_word' id='word_1_118' title='bbox 426 2404 583 2470; x_wconf 86' lang='lat' dir='ltr'><strong>debentur</strong></span> <span class='ocrx_word' id='word_1_119' title='bbox 603 2404 873 2470; x_wconf 89' lang='lat' dir='ltr'><strong>Phocaeensibus.</strong></span> <span class='ocrx_word' id='word_1_120' title='bbox 916 2401 999 2468; x_wconf 88' lang='lat' dir='ltr'><strong>Item</strong></span> <span class='ocrx_word' id='word_1_121' title='bbox 1026 2401 1066 2467; x_wconf 90' lang='lat' dir='ltr'><strong>ad</strong></span> <span class='ocrx_word' id='word_1_122' title='bbox 1094 2423 1165 2466; x_wconf 87' lang='lat' dir='ltr'><strong>oras</strong></span> <span class='ocrx_word' id='word_1_123' title='bbox 1185 2399 1304 2484; x_wconf 82' lang='lat' dir='ltr'><strong>Libyae</strong></span> 
     </span>
     <span class='ocr_line' id='line_1_19' title="bbox 134 2509 1303 2594; baseline -0.002 -19"><span class='ocrx_word' id='word_1_124' title='bbox 134 2511 223 2576; x_wconf 86' lang='lat' dir='ltr'><strong>locos</strong></span> <span class='ocrx_word' id='word_1_125' title='bbox 259 2511 439 2594; x_wconf 87' lang='lat' dir='ltr'><strong>complures</strong></span> <span class='ocrx_word' id='word_1_126' title='bbox 466 2513 505 2577; x_wconf 89' lang='lat' dir='ltr'><strong>ab</strong></span> <span class='ocrx_word' id='word_1_127' title='bbox 532 2512 681 2578; x_wconf 88' lang='lat' dir='ltr'><strong>Menelao</strong></span> <span class='ocrx_word' id='word_1_128' title='bbox 718 2515 751 2576; x_wconf 92' lang='lat' dir='ltr'><strong>et</strong></span> <span class='ocrx_word' id='word_1_129' title='bbox 777 2509 902 2576; x_wconf 91' lang='lat' dir='ltr'><strong>Helena</strong></span> <span class='ocrx_word' id='word_1_130' title='bbox 933 2510 1034 2574; x_wconf 88' lang='lat' dir='ltr'><strong>dictos</strong></span> <span class='ocrx_word' id='word_1_131' title='bbox 1062 2530 1131 2575; x_wconf 85' lang='lat' dir='ltr'><strong>esse</strong></span> <span class='ocrx_word' id='word_1_132' title='bbox 1158 2510 1199 2591; x_wconf 80' lang='lat' dir='ltr'><strong>(r.</strong></span> <span class='ocrx_word' id='word_1_133' title='bbox 1222 2529 1248 2572; x_wconf 91' lang='lat' dir='ltr'><strong>e.</strong></span> <span class='ocrx_word' id='word_1_134' title='bbox 1271 2529 1303 2592; x_wconf 83' lang='lat' dir='ltr'><strong>g.</strong></span> 
     </span>
     <span class='ocr_line' id='line_1_20' title="bbox 136 2613 1305 2704; baseline -0.006 -19"><span class='ocrx_word' id='word_1_135' title='bbox 136 2617 240 2685; x_wconf 84' lang='lat' dir='ltr'><strong>Strab.</strong></span> <span class='ocrx_word' id='word_1_136' title='bbox 261 2617 278 2683; x_wconf 90' lang='grc' dir='ltr'>Ι</span> <span class='ocrx_word' id='word_1_137' title='bbox 297 2641 329 2704; x_wconf 90' lang='lat' dir='ltr'><strong>p.</strong></span> <span class='ocrx_word' id='word_1_138' title='bbox 352 2626 400 2687; x_wconf 89' lang='grc'><strong>40.</strong></span> <span class='ocrx_word' id='word_1_139' title='bbox 423 2618 468 2685; x_wconf 84' lang='lat' dir='ltr'><strong>St.</strong></span> <span class='ocrx_word' id='word_1_140' title='bbox 489 2619 563 2703; x_wconf 85' lang='lat' dir='ltr'><strong>Byz.</strong></span> <span class='ocrx_word' id='word_1_141' title='bbox 582 2615 756 2702; x_wconf 64' lang='grc' dir='ltr'><strong><em>(Ελένειος)</em></strong></span> <span class='ocrx_word' id='word_1_142' title='bbox 785 2618 1011 2703; x_wconf 90' lang='lat' dir='ltr'><strong>comperimus:</strong></span> <span class='ocrx_word' id='word_1_143' title='bbox 1039 2616 1126 2700; x_wconf 93' lang='lat' dir='ltr'><strong>quod</strong></span> <span class='ocrx_word' id='word_1_144' title='bbox 1151 2636 1210 2680; x_wconf 91' lang='lat' dir='ltr'><strong>nec</strong></span> <span class='ocrx_word' id='word_1_145' title='bbox 1235 2613 1305 2679; x_wconf 90' lang='lat' dir='ltr'><strong>Me·</strong></span> 
     </span>
     <span class='ocr_line' id='line_1_21' title="bbox 136 2723 1306 2814; baseline -0.003 -24"><span class='ocrx_word' id='word_1_146' title='bbox 136 2726 228 2792; x_wconf 88' lang='lat' dir='ltr'><strong>nelao</strong></span> <span class='ocrx_word' id='word_1_147' title='bbox 251 2726 398 2806; x_wconf 89' lang='lat' dir='ltr'><strong>debetur,</strong></span> <span class='ocrx_word' id='word_1_148' title='bbox 424 2749 483 2792; x_wconf 88' lang='lat' dir='ltr'><strong>nec</strong></span> <span class='ocrx_word' id='word_1_149' title='bbox 504 2727 689 2814; x_wconf 82' lang='lat' dir='ltr'><strong>Aegyptiis,</strong></span> <span class='ocrx_word' id='word_1_150' title='bbox 715 2726 771 2792; x_wconf 90' lang='lat' dir='ltr'><strong>sed</strong></span> <span class='ocrx_word' id='word_1_151' title='bbox 797 2749 817 2790; x_wconf 86' lang='lat' dir='ltr'><strong>a</strong></span> <span class='ocrx_word' id='word_1_152' title='bbox 843 2726 950 2790; x_wconf 87' lang='lat' dir='ltr'><strong>nautis</strong></span> <span class='ocrx_word' id='word_1_153' title='bbox 972 2724 1101 2791; x_wconf 83' lang='lat' dir='ltr'><strong>Graecis</strong></span> <span class='ocrx_word' id='word_1_154' title='bbox 1126 2723 1306 2808; x_wconf 90' lang='lat' dir='ltr'><strong>profectum</strong></span> 
     </span>
     <span class='ocr_line' id='line_1_22' title="bbox 136 2830 1307 2921; baseline -0.003 -23"><span class='ocrx_word' id='word_1_155' title='bbox 136 2855 209 2898; x_wconf 93' lang='lat' dir='ltr'><strong>cum</strong></span> <span class='ocrx_word' id='word_1_156' title='bbox 228 2833 379 2917; x_wconf 84' lang='lat' dir='ltr'><strong>frequens</strong></span> <span class='ocrx_word' id='word_1_157' title='bbox 406 2835 447 2898; x_wconf 90' lang='lat' dir='ltr'><strong>ad</strong></span> <span class='ocrx_word' id='word_1_158' title='bbox 466 2835 525 2900; x_wconf 88' lang='lat' dir='ltr'><strong>has</strong></span> <span class='ocrx_word' id='word_1_159' title='bbox 546 2835 695 2921; x_wconf 77' lang='lat' dir='ltr'><strong>regiones</strong></span> <span class='ocrx_word' id='word_1_160' title='bbox 719 2834 824 2899; x_wconf 87' lang='lat' dir='ltr'><strong>aditus</strong></span> <span class='ocrx_word' id='word_1_161' title='bbox 846 2837 940 2899; x_wconf 88' lang='lat' dir='ltr'><strong>esset.</strong></span> <span class='ocrx_word' id='word_1_162' title='bbox 982 2830 1034 2896; x_wconf 93' lang='lat' dir='ltr'><strong>llli</strong></span> <span class='ocrx_word' id='word_1_163' title='bbox 1054 2831 1139 2896; x_wconf 90' lang='lat' dir='ltr'><strong>idem</strong></span> <span class='ocrx_word' id='word_1_164' title='bbox 1160 2830 1307 2896; x_wconf 89' lang='lat' dir='ltr'><strong>fecerunt</strong></span> 
     </span>
     <span class='ocr_line' id='line_1_23' title="bbox 137 2938 1304 3026; baseline -0.005 -19"><span class='ocrx_word' id='word_1_165' title='bbox 137 2942 228 3026; x_wconf 89' lang='lat' dir='ltr'><strong>quasi</strong></span> <span class='ocrx_word' id='word_1_166' title='bbox 256 2942 282 3006; x_wconf 87' lang='lat' dir='ltr'><strong>si</strong></span> <span class='ocrx_word' id='word_1_167' title='bbox 309 2943 360 3006; x_wconf 89' lang='lat' dir='ltr'><strong>eui</strong></span> <span class='ocrx_word' id='word_1_168' title='bbox 385 2942 482 3006; x_wconf 91' lang='lat' dir='ltr'><strong>hodie</strong></span> <span class='ocrx_word' id='word_1_169' title='bbox 504 2943 665 3008; x_wconf 87' lang='lat' dir='ltr'><strong>nauarcho</strong></span> <span class='ocrx_word' id='word_1_170' title='bbox 686 2942 916 3007; x_wconf 87' lang='lat' dir='ltr'><strong>Britannorum</strong></span> <span class='ocrx_word' id='word_1_171' title='bbox 937 2939 1062 3005; x_wconf 90' lang='lat' dir='ltr'><strong>insulae</strong></span> <span class='ocrx_word' id='word_1_172' title='bbox 1084 2938 1145 3003; x_wconf 88' lang='lat' dir='ltr'><strong>sibi</strong></span> <span class='ocrx_word' id='word_1_173' title='bbox 1166 2938 1304 3023; x_wconf 91' lang='lat' dir='ltr'><strong>primum</strong></span> 
     </span>
     <span class='ocr_line' id='line_1_24' title="bbox 136 3045 1305 3134; baseline -0.004 -20"><span class='ocrx_word' id='word_1_174' title='bbox 136 3053 281 3132; x_wconf 86' lang='lat' dir='ltr'><strong>repertae</strong></span> <span class='ocrx_word' id='word_1_175' title='bbox 308 3071 427 3114; x_wconf 92' lang='lat' dir='ltr'><strong>nomen</strong></span> <span class='ocrx_word' id='word_1_176' title='bbox 457 3051 624 3134; x_wconf 86' lang='lat' dir='ltr'><strong>quaerenti</strong></span> <span class='ocrx_word' id='word_1_177' title='bbox 649 3049 802 3115; x_wconf 87' lang='lat' dir='ltr'><strong>arrideret</strong></span> <span class='ocrx_word' id='word_1_178' title='bbox 825 3071 942 3114; x_wconf 90' lang='lat' dir='ltr'><strong>nomen</strong></span> <span class='ocrx_word' id='word_1_179' title='bbox 965 3045 1193 3128; x_wconf 83' lang='lat' dir='ltr'><strong>„Artusinsel“;</strong></span> <span class='ocrx_word' id='word_1_180' title='bbox 1219 3046 1305 3110; x_wconf 92' lang='lat' dir='ltr'><strong>unde</strong></span> 
     </span>
     <span class='ocr_line' id='line_1_25' title="bbox 137 3154 1305 3241; baseline 0 -22"><span class='ocrx_word' id='word_1_181' title='bbox 137 3154 274 3239; x_wconf 86' lang='lat' dir='ltr'><strong>posteris</strong></span> <span class='ocrx_word' id='word_1_182' title='bbox 295 3178 354 3221; x_wconf 84' lang='lat' dir='ltr'><strong>nec</strong></span> <span class='ocrx_word' id='word_1_183' title='bbox 375 3155 486 3222; x_wconf 90' lang='lat' dir='ltr'><strong>liceret</strong></span> <span class='ocrx_word' id='word_1_184' title='bbox 507 3157 696 3224; x_wconf 88' lang='lat' dir='ltr'><strong>concludere</strong></span> <span class='ocrx_word' id='word_1_185' title='bbox 717 3157 781 3221; x_wconf 91' lang='lat' dir='ltr'><strong>illie</strong></span> <span class='ocrx_word' id='word_1_186' title='bbox 803 3155 966 3241; x_wconf 90' lang='lat' dir='ltr'><strong>quondam</strong></span> <span class='ocrx_word' id='word_1_187' title='bbox 987 3154 1103 3219; x_wconf 87' lang='lat' dir='ltr'><strong>Artum</strong></span> <span class='ocrx_word' id='word_1_188' title='bbox 1122 3174 1233 3239; x_wconf 86' lang='lat' dir='ltr'><strong>regem</strong></span> <span class='ocrx_word' id='word_1_189' title='bbox 1255 3175 1305 3219; x_wconf 88' lang='lat' dir='ltr'><strong>se-</strong></span> 
     </span>
     <span class='ocr_line' id='line_1_26' title="bbox 139 3261 1305 3352; baseline -0.001 -27"><span class='ocrx_word' id='word_1_190' title='bbox 139 3261 210 3327; x_wconf 91' lang='lat' dir='ltr'><strong>dem</strong></span> <span class='ocrx_word' id='word_1_191' title='bbox 236 3261 387 3328; x_wconf 86' lang='lat' dir='ltr'><strong>habuisse</strong></span> <span class='ocrx_word' id='word_1_192' title='bbox 413 3287 472 3329; x_wconf 91' lang='lat' dir='ltr'><strong>nec</strong></span> <span class='ocrx_word' id='word_1_193' title='bbox 497 3265 624 3352; x_wconf 86' lang='lat' dir='ltr'><strong>Anglos</strong></span> <span class='ocrx_word' id='word_1_194' title='bbox 653 3265 693 3330; x_wconf 91' lang='lat' dir='ltr'><strong>ab</strong></span> <span class='ocrx_word' id='word_1_195' title='bbox 720 3264 781 3329; x_wconf 88' lang='lat' dir='ltr'><strong>hac</strong></span> <span class='ocrx_word' id='word_1_196' title='bbox 812 3263 918 3328; x_wconf 90' lang='lat' dir='ltr'><strong>insula</strong></span> <span class='ocrx_word' id='word_1_197' title='bbox 945 3261 1102 3347; x_wconf 88' lang='lat' dir='ltr'><strong>originem</strong></span> <span class='ocrx_word' id='word_1_198' title='bbox 1130 3261 1245 3325; x_wconf 90' lang='lat' dir='ltr'><strong>ducere</strong></span> <span class='ocrx_word' id='word_1_199' title='bbox 1273 3265 1305 3324; x_wconf 87' lang='lat' dir='ltr'><strong>et</strong></span> 
     </span>
     <span class='ocr_line' id='line_1_27' title="bbox 136 3367 1305 3455; baseline 0 -22"><span class='ocrx_word' id='word_1_200' title='bbox 136 3368 212 3434; x_wconf 92' lang='lat' dir='ltr'><strong>hinc</strong></span> <span class='ocrx_word' id='word_1_201' title='bbox 238 3369 316 3434; x_wconf 91' lang='lat' dir='ltr'><strong>olim</strong></span> <span class='ocrx_word' id='word_1_202' title='bbox 344 3372 434 3437; x_wconf 87' lang='lat' dir='ltr'><strong>sedes</strong></span> <span class='ocrx_word' id='word_1_203' title='bbox 461 3372 681 3439; x_wconf 88' lang='lat' dir='ltr'><strong>translooasse.</strong></span> <span class='ocrx_word' id='word_1_204' title='bbox 723 3372 846 3437; x_wconf 82' lang='lat' dir='ltr'><strong>Eadem</strong></span> <span class='ocrx_word' id='word_1_205' title='bbox 874 3370 964 3455; x_wconf 85' lang='lat' dir='ltr'><strong>origo</strong></span> <span class='ocrx_word' id='word_1_206' title='bbox 1000 3368 1192 3434; x_wconf 79' lang='lat' dir='ltr'><strong>cimmerii</strong></span> <span class='ocrx_word' id='word_1_207' title='bbox 1223 3367 1305 3433; x_wconf 89' lang='lat' dir='ltr'><strong>Bos-</strong></span> 
     </span>
     <span class='ocr_line' id='line_1_28' title="bbox 137 3474 1305 3565; baseline -0.002 -23"><span class='ocrx_word' id='word_1_208' title='bbox 137 3476 220 3560; x_wconf 82' lang='lat' dir='ltr'><strong>pori,</strong></span> <span class='ocrx_word' id='word_1_209' title='bbox 250 3478 334 3542; x_wconf 93' lang='lat' dir='ltr'><strong>unde</strong></span> <span class='ocrx_word' id='word_1_210' title='bbox 362 3477 477 3545; x_wconf 85' lang='lat' dir='ltr'><strong>Strabo</strong></span> <span class='ocrx_word' id='word_1_211' title='bbox 504 3480 629 3565; x_wconf 89' lang='lat' dir='ltr'><strong>colligit</strong></span> <span class='ocrx_word' id='word_1_212' title='bbox 655 3502 692 3546; x_wconf 90' lang='lat' dir='ltr'><strong>eo</strong></span> <span class='ocrx_word' id='word_1_213' title='bbox 718 3480 789 3544; x_wconf 90' lang='lat' dir='ltr'><strong>loco</strong></span> <span class='ocrx_word' id='word_1_214' title='bbox 820 3478 1006 3544; x_wconf 79' lang='lat' dir='ltr'><strong>Cimmerios</strong></span> <span class='ocrx_word' id='word_1_215' title='bbox 1032 3476 1204 3541; x_wconf 87' lang='lat' dir='ltr'><strong>habitasse.</strong></span> <span class='ocrx_word' id='word_1_216' title='bbox 1252 3474 1305 3542; x_wconf 84' lang='lat' dir='ltr'><strong>Sic</strong></span> 
     </span>
     <span class='ocr_line' id='line_1_29' title="bbox 137 3578 1306 3673; baseline 0 -26"><span class='ocrx_word' id='word_1_217' title='bbox 137 3584 285 3669; x_wconf 89' lang='lat' dir='ltr'><strong>scopulos</strong></span> <span class='ocrx_word' id='word_1_218' title='bbox 308 3586 464 3668; x_wconf 86' lang='lat' dir='ltr'><strong>quosdam</strong></span> <span class='ocrx_word' id='word_1_219' title='bbox 486 3588 568 3653; x_wconf 89' lang='lat' dir='ltr'><strong>circa</strong></span> <span class='ocrx_word' id='word_1_220' title='bbox 589 3587 716 3653; x_wconf 89' lang='lat' dir='ltr'><strong>ltaliam</strong></span> <span class='ocrx_word' id='word_1_221' title='bbox 734 3578 975 3673; x_wconf 80' lang='grc' dir='ltr'><strong><em>Σειρηνούσσας</em></strong></span> <span class='ocrx_word' id='word_1_222' title='bbox 996 3585 1099 3649; x_wconf 89' lang='lat' dir='ltr'><strong>dicere</strong></span> <span class='ocrx_word' id='word_1_223' title='bbox 1120 3585 1306 3668; x_wconf 91' lang='lat' dir='ltr'><strong>promptum</strong></span> 
     </span>
     <span class='ocr_line' id='line_1_30' title="bbox 136 3690 1305 3776; baseline 0.001 -21"><span class='ocrx_word' id='word_1_224' title='bbox 136 3694 204 3756; x_wconf 93' lang='lat' dir='ltr'><strong>erat</strong></span> <span class='ocrx_word' id='word_1_225' title='bbox 229 3692 345 3757; x_wconf 90' lang='lat' dir='ltr'><strong>nautis.</strong></span> <span class='ocrx_word' id='word_1_226' title='bbox 389 3692 453 3759; x_wconf 85' lang='lat' dir='ltr'><strong>Sed</strong></span> <span class='ocrx_word' id='word_1_227' title='bbox 479 3717 551 3760; x_wconf 92' lang='lat' dir='ltr'><strong>cum</strong></span> <span class='ocrx_word' id='word_1_228' title='bbox 585 3718 660 3761; x_wconf 88' lang='lat' dir='ltr'><strong>casu</strong></span> <span class='ocrx_word' id='word_1_229' title='bbox 689 3718 755 3761; x_wconf 91' lang='lat' dir='ltr'><strong>non</strong></span> <span class='ocrx_word' id='word_1_230' title='bbox 784 3695 847 3760; x_wconf 94' lang='lat' dir='ltr'><strong>duo</strong></span> <span class='ocrx_word' id='word_1_231' title='bbox 875 3696 983 3759; x_wconf 90' lang='lat' dir='ltr'><strong>essent</strong></span> <span class='ocrx_word' id='word_1_232' title='bbox 1012 3690 1134 3776; x_wconf 90' lang='lat' dir='ltr'><strong>scopuli</strong></span> <span class='ocrx_word' id='word_1_233' title='bbox 1160 3691 1216 3755; x_wconf 87' lang='lat' dir='ltr'><strong>sed</strong></span> <span class='ocrx_word' id='word_1_234' title='bbox 1240 3694 1305 3756; x_wconf 89' lang='lat' dir='ltr'><strong>tres</strong></span> 
     </span>
     <span class='ocr_line' id='line_1_31' title="bbox 136 3797 1306 3885; baseline -0.001 -22"><span class='ocrx_word' id='word_1_235' title='bbox 136 3799 175 3881; x_wconf 87' lang='lat' dir='ltr'><strong>(v.</strong></span> <span class='ocrx_word' id='word_1_236' title='bbox 197 3797 302 3866; x_wconf 87' lang='lat' dir='ltr'><strong>Strab.</strong></span> <span class='ocrx_word' id='word_1_237' title='bbox 325 3799 349 3866; x_wconf 97' lang='lat' dir='ltr'><strong>I.</strong></span> <span class='ocrx_word' id='word_1_238' title='bbox 371 3823 402 3885; x_wconf 89' lang='lat' dir='ltr'><strong>p.</strong></span> <span class='ocrx_word' id='word_1_239' title='bbox 425 3802 487 3885; x_wconf 81' lang='lat'><strong>22),</strong></span> <span class='ocrx_word' id='word_1_240' title='bbox 508 3807 573 3868; x_wconf 90' lang='lat' dir='ltr'><strong>tres</strong></span> <span class='ocrx_word' id='word_1_241' title='bbox 596 3802 724 3869; x_wconf 85' lang='lat' dir='ltr'><strong>Sirenes</strong></span> <span class='ocrx_word' id='word_1_242' title='bbox 745 3804 780 3867; x_wconf 92' lang='lat' dir='ltr'><strong>in</strong></span> <span class='ocrx_word' id='word_1_243' title='bbox 801 3801 928 3867; x_wconf 87' lang='lat' dir='ltr'><strong>fabulas</strong></span> <span class='ocrx_word' id='word_1_244' title='bbox 950 3800 1122 3875; x_wconf 86' lang='lat' dir='ltr'><strong>venerunt;</strong></span> <span class='ocrx_word' id='word_1_245' title='bbox 1145 3797 1306 3863; x_wconf 89' lang='lat' dir='ltr'><strong>Homerus</strong></span> 
     </span>
    </p>
   </div>
   <div class='ocr_carea' id='block_1_8' title="bbox 136 3997 1308 4408">
    <p class='ocr_par' dir='ltr' id='par_1_9' title="bbox 136 3997 1308 4408">
     <span class='ocr_line' id='line_1_32' title="bbox 136 3997 1303 4068; baseline -0.001 -15"><span class='ocrx_word' id='word_1_246' title='bbox 136 4014 192 4068; x_wconf 89' lang='lat' dir='ltr'><strong>quo</strong></span> <span class='ocrx_word' id='word_1_247' title='bbox 209 3998 291 4054; x_wconf 91' lang='lat' dir='ltr'><strong>modo</strong></span> <span class='ocrx_word' id='word_1_248' title='bbox 310 4016 368 4054; x_wconf 92' lang='lat' dir='ltr'><strong>non</strong></span> <span class='ocrx_word' id='word_1_249' title='bbox 386 4004 502 4056; x_wconf 84' lang='lat' dir='ltr'><strong>constat.</strong></span> <span class='ocrx_word' id='word_1_250' title='bbox 532 3999 644 4056; x_wconf 80' lang='lat' dir='ltr'><strong>Troiam</strong></span> <span class='ocrx_word' id='word_1_251' title='bbox 661 4000 775 4057; x_wconf 90' lang='lat' dir='ltr'><strong>Homeri</strong></span> <span class='ocrx_word' id='word_1_252' title='bbox 793 4017 849 4056; x_wconf 91' lang='lat' dir='ltr'><strong>non</strong></span> <span class='ocrx_word' id='word_1_253' title='bbox 868 4016 907 4066; x_wconf 90' lang='lat' dir='ltr'><strong>eo,</strong></span> <span class='ocrx_word' id='word_1_254' title='bbox 928 4016 983 4068; x_wconf 89' lang='lat' dir='ltr'><strong>quo</strong></span> <span class='ocrx_word' id='word_1_255' title='bbox 1001 3997 1138 4068; x_wconf 84' lang='lat' dir='ltr'><strong>posterior</strong></span> <span class='ocrx_word' id='word_1_256' title='bbox 1156 3999 1224 4061; x_wconf 83' lang='lat' dir='ltr'><strong>erat,</strong></span> <span class='ocrx_word' id='word_1_257' title='bbox 1242 3997 1303 4052; x_wconf 92' lang='lat' dir='ltr'><strong>loco</strong></span> 
     </span>
     <span class='ocr_line' id='line_1_33' title="bbox 137 4080 1307 4155; baseline -0.004 -17"><span class='ocrx_word' id='word_1_258' title='bbox 137 4084 229 4148; x_wconf 84' lang='lat' dir='ltr'><strong>fnisse,</strong></span> <span class='ocrx_word' id='word_1_259' title='bbox 247 4083 430 4154; x_wconf 81' lang='lat' dir='ltr'><strong>simpliciaco</strong></span> <span class='ocrx_word' id='word_1_260' title='bbox 448 4085 652 4140; x_wconf 88' lang='lat' dir='ltr'><strong>contemnendo</strong></span> <span class='ocrx_word' id='word_1_261' title='bbox 671 4087 844 4155; x_wconf 88' lang='lat' dir='ltr'><strong>argumento,</strong></span> <span class='ocrx_word' id='word_1_262' title='bbox 864 4101 898 4138; x_wconf 85' lang='lat' dir='ltr'><strong>ex</strong></span> <span class='ocrx_word' id='word_1_263' title='bbox 914 4083 970 4138; x_wconf 90' lang='lat' dir='ltr'><strong>loci</strong></span> <span class='ocrx_word' id='word_1_264' title='bbox 986 4086 1088 4138; x_wconf 88' lang='lat' dir='ltr'><strong>natura</strong></span> <span class='ocrx_word' id='word_1_265' title='bbox 1104 4080 1202 4150; x_wconf 83' lang='lat' dir='ltr'><strong>petito,</strong></span> <span class='ocrx_word' id='word_1_266' title='bbox 1220 4080 1307 4150; x_wconf 89' lang='lat' dir='ltr'><strong>suspi-</strong></span> 
     </span>
     <span class='ocr_line' id='line_1_34' title="bbox 137 4158 1306 4239; baseline -0.005 -16"><span class='ocrx_word' id='word_1_267' title='bbox 137 4171 201 4223; x_wconf 86' lang='lat' dir='ltr'><strong>cata</strong></span> <span class='ocrx_word' id='word_1_268' title='bbox 217 4172 278 4223; x_wconf 88' lang='lat' dir='ltr'><strong>erat</strong></span> <span class='ocrx_word' id='word_1_269' title='bbox 294 4167 427 4223; x_wconf 86' lang='lat' dir='ltr'><strong>Hestiaea</strong></span> <span class='ocrx_word' id='word_1_270' title='bbox 443 4169 632 4224; x_wconf 83' lang='lat' dir='ltr'><strong>Alexandrina</strong></span> <span class='ocrx_word' id='word_1_271' title='bbox 649 4170 679 4224; x_wconf 90' lang='lat' dir='ltr'><strong>in</strong></span> <span class='ocrx_word' id='word_1_272' title='bbox 696 4170 769 4224; x_wconf 92' lang='lat' dir='ltr'><strong>libro</strong></span> <span class='ocrx_word' id='word_1_273' title='bbox 788 4170 856 4239; x_wconf 79' lang='grc' dir='ltr'><em>περὶ</em></span> <span class='ocrx_word' id='word_1_274' title='bbox 878 4159 1002 4238; x_wconf 77' lang='grc' dir='ltr'><strong><em>Ὀμήρου</em></strong></span> <span class='ocrx_word' id='word_1_275' title='bbox 1020 4158 1146 4230; x_wconf 79' lang='grc' dir='ltr'><strong>Ἰλιάδος.</strong></span> <span class='ocrx_word' id='word_1_276' title='bbox 1182 4165 1306 4220; x_wconf 81' lang='lat' dir='ltr'><strong>Comme·</strong></span> 
     </span>
     <span class='ocr_line' id='line_1_35' title="bbox 137 4248 1307 4324; baseline -0.003 -18"><span class='ocrx_word' id='word_1_277' title='bbox 137 4255 296 4308; x_wconf 81' lang='lat' dir='ltr'><strong>inaraverat</strong></span> <span class='ocrx_word' id='word_1_278' title='bbox 312 4269 374 4307; x_wconf 88' lang='lat' dir='ltr'><strong>eam</strong></span> <span class='ocrx_word' id='word_1_279' title='bbox 391 4251 548 4309; x_wconf 87' lang='lat' dir='ltr'><strong>Demetrius</strong></span> <span class='ocrx_word' id='word_1_280' title='bbox 567 4252 667 4324; x_wconf 85' lang='lat' dir='ltr'><strong>(Strab.</strong></span> <span class='ocrx_word' id='word_1_281' title='bbox 686 4258 736 4310; x_wconf 80' lang='grc'><strong>599</strong></span> <span class='ocrx_word' id='word_1_282' title='bbox 755 4253 773 4308; x_wconf 94' lang='lat' dir='ltr'><strong>l.</strong></span> <span class='ocrx_word' id='word_1_283' title='bbox 790 4252 876 4323; x_wconf 91' lang='lat' dir='ltr'><strong>XIH).</strong></span> <span class='ocrx_word' id='word_1_284' title='bbox 905 4252 996 4316; x_wconf 91' lang='lat' dir='ltr'><strong>Hunc,</strong></span> <span class='ocrx_word' id='word_1_285' title='bbox 1015 4248 1064 4319; x_wconf 89' lang='lat' dir='ltr'><strong>qui</strong></span> <span class='ocrx_word' id='word_1_286' title='bbox 1081 4248 1140 4318; x_wconf 89' lang='lat' dir='ltr'><strong>ipse</strong></span> <span class='ocrx_word' id='word_1_287' title='bbox 1158 4249 1228 4303; x_wconf 87' lang='lat' dir='ltr'><strong>haec</strong></span> <span class='ocrx_word' id='word_1_288' title='bbox 1245 4248 1307 4302; x_wconf 90' lang='lat' dir='ltr'><strong>loca</strong></span> 
     </span>
     <span class='ocr_line' id='line_1_36' title="bbox 137 4331 1308 4408; baseline -0.004 -17"><span class='ocrx_word' id='word_1_289' title='bbox 137 4336 230 4408; x_wconf 87' lang='lat' dir='ltr'><strong>patria</strong></span> <span class='ocrx_word' id='word_1_290' title='bbox 251 4334 304 4391; x_wconf 86' lang='lat' dir='ltr'><strong>sibi</strong></span> <span class='ocrx_word' id='word_1_291' title='bbox 325 4337 506 4405; x_wconf 84' lang='lat' dir='ltr'><strong>lustraverat,</strong></span> <span class='ocrx_word' id='word_1_292' title='bbox 527 4337 684 4393; x_wconf 88' lang='lat' dir='ltr'><strong>invenimus</strong></span> <span class='ocrx_word' id='word_1_293' title='bbox 706 4338 889 4407; x_wconf 87' lang='lat' dir='ltr'><strong>grammatica</strong></span> <span class='ocrx_word' id='word_1_294' title='bbox 911 4338 940 4391; x_wconf 90' lang='lat' dir='ltr'><strong>et</strong></span> <span class='ocrx_word' id='word_1_295' title='bbox 961 4332 1138 4390; x_wconf 81' lang='lat' dir='ltr'><strong>Aristarchea</strong></span> <span class='ocrx_word' id='word_1_296' title='bbox 1159 4331 1308 4402; x_wconf 86' lang='lat' dir='ltr'><strong>diligentia</strong></span> 
     </span>
    </p>
   </div>
   <div class='ocr_carea' id='block_1_9' title="bbox 138 4420 1097 4560">
    <p class='ocr_par' dir='ltr' id='par_1_10' title="bbox 138 4420 1097 4560">
     <span class='ocr_line' id='line_1_37' title="bbox 138 4420 1042 4492; baseline 0.001 -15"><span class='ocrx_word' id='word_1_297' title='bbox 138 4439 171 4477; x_wconf 84' lang='lat' dir='ltr'><strong>ex</strong></span> <span class='ocrx_word' id='word_1_298' title='bbox 188 4420 302 4476; x_wconf 86' lang='lat' dir='ltr'><strong>Homeri</strong></span> <span class='ocrx_word' id='word_1_299' title='bbox 320 4420 490 4478; x_wconf 85' lang='lat' dir='ltr'><strong>carminibus</strong></span> <span class='ocrx_word' id='word_1_300' title='bbox 507 4422 601 4480; x_wconf 87' lang='lat' dir='ltr'><strong>omnia</strong></span> <span class='ocrx_word' id='word_1_301' title='bbox 618 4421 659 4478; x_wconf 90' lang='lat' dir='ltr'><strong>rei</strong></span> <span class='ocrx_word' id='word_1_302' title='bbox 677 4424 842 4492; x_wconf 84' lang='lat' dir='ltr'><strong>argumenta</strong></span> <span class='ocrx_word' id='word_1_303' title='bbox 859 4425 1042 4490; x_wconf 85' lang='lat' dir='ltr'><strong>comportare.</strong></span> 
     </span>
     <span class='ocr_line' id='line_1_38' title="bbox 179 4507 1097 4560; baseline 0.009 -12"><span class='ocrx_word' id='word_1_304' title='bbox 179 4507 287 4560; x_wconf 67' lang='lat' dir='ltr'><strong>neura,</strong></span> <span class='ocrx_word' id='word_1_305' title='bbox 301 4507 436 4550; x_wconf 69' lang='lat' dir='ltr'><strong>aristatas.</strong></span> <span class='ocrx_word' id='word_1_306' title='bbox 1066 4507 1097 4559; x_wconf 88' lang='grc'><strong>16</strong></span> 
     </span>
    </p>
   </div>
   <div class='ocr_carea' id='block_1_10' title="bbox 0 0 1516 4980">
    <p class='ocr_par' dir='ltr' id='par_1_11' title="bbox 0 0 1516 4980">
     <span class='ocr_line' id='line_1_39' title="bbox 0 0 1516 4980; baseline 0 0"><span class='ocrx_word' id='word_1_307' title='bbox 0 0 1516 4980; x_wconf 95' lang='lat' dir='ltr'><strong> </strong></span> 
     </span>
    </p>
   </div>
  </div>
 </body>
</html>
