3008 4980
220 352 280 414 290
665 341 714 399 IV.
737 341 778 397 De
795 341 932 412 prosodia

219 513 309 594 patet
324 532 362 575 ex
379 531 408 593 p.
426 511 508 592 297).
540 511 612 575 Hoc
632 509 762 595 proprie
782 508 879 574 fuerit
901 500 984 571 αἰπὺ
1008 497 1095 589 δ’ρος,
1119 510 1158 572 nt
1177 503 1279 588 τραχὺ
1302 499 1387 589 δ’ρσς.

218 617 354 683 Pausan.
376 615 455 682 VIII
478 621 529 694 13,
556 624 576 683 4
597 610 666 680 ἔστι
689 612 725 680 δὲ
747 609 931 712 άπαντικρδ
952 616 1011 701 τῆς
1029 609 1161 689 πόλεως
1183 605 1264 695 δ’ρος
1283 608 1387 699 τραχά.

218 721 256 790 τὸ
283 720 320 788 δὲ
347 716 435 807 δδιυρ
461 719 499 789 τὸ
522 719 559 786 ἐκ
579 725 639 788 τοῦ
660 725 745 788 θεοῦ
767 719 825 786 διδι
844 715 1013 806 χαράδρας
1033 717 1108 808 ῥέον
1129 715 1249 807 κοίλης
1266 720 1386 804 μεταξὺ

217 833 277 917 τῆς
296 852 331 895 τε
352 825 483 907 πόλεως
502 826 559 895 καί
579 832 638 895 τοῦ
658 825 796 913 τραχέος
816 821 914 912 δρους
935 819 1081 892 κάτεισιν
1101 865 1152 892 -.
1188 819 1211 913 ἡ
1234 824 1273 893 δὲ
1293 823 1386 914 ἑτέρα

218 939 283 1001 τῶν
312 930 399 1002 ὁδῶν
428 928 583 1019 διαβάντι
607 934 645 1002 τὸ
671 932 760 1019 ὕδωρ
781 933 824 1014 ζτὸ
853 932 910 1000 διὰ
938 938 999 1022 της
1023 929 1193 1018 χαράδρας
1218 929 1296 1015 ῥέον
1321 931 1385 1002 ὑπὸ

217 1036 316 1127 τραχύ
344 1039 431 1109 ἔστιν
458 1036 544 1127 δ’ρος.
585 1043 687 1109 Porro
716 1044 879 1129 aptissime
909 1044 972 1109 huc
998 1043 1144 1108 trahetur
1169 1034 1275 1125 βαδά,
1310 1044 1330 1110 i
1360 1066 1385 1113 e.

217 1144 291 1237 ἡδί,
311 1150 402 1216 locus
422 1151 457 1214 in
473 1150 576 1216 Elide.
596 1151 710 1219 ‘Paua
732 1151 763 1218 V
782 1157 814 1232 3,
835 1156 858 1218 1
875 1144 1119 1235 ὑπερησθέντες
1140 1143 1179 1212 δὲ
1199 1140 1386 1237 ἀμφότεροι

217 1261 257 1348 τῆ
270 1253 360 1340 μίξει
373 1254 430 1320 καὶ
447 1250 482 1321 αί
502 1261 652 1340 γυναῖκες
672 1254 729 1322 καὶ
752 1253 784 1323 σί
807 1251 923 1341 δίνδρες
945 1252 1032 1322 ἔνθα
1052 1250 1263 1340 συνεγένοντο
1282 1249 1386 1343 άλλη-

218 1364 290 1442 λοις
310 1367 442 1450 πρῶτον
464 1357 544 1430 αδτό
564 1386 600 1429 τε
620 1361 658 1430 τὸ
676 1358 798 1448 χωρίον
822 1361 909 1447 βαδδ
931 1356 1133 1445 ὀνομάζουσι
1153 1359 1211 1427 καί
1233 1362 1386 1448 ποταμὸν

216 1468 274 1537 τὸν
296 1467 412 1556 ῥέοντα
434 1465 581 1536 ἐνταῦθα
601 1467 690 1557 ὕδωρ
712 1469 797 1554 βαδὺ
821 1465 988 1556 ἐπιχωρίῳ
1010 1474 1115 1560 φωνῇ.
1156 1471 1333 1539 Praeterea
1351 1477 1385 1538 ut

217 1584 303 1646 recte
318 1580 357 1645 de
371 1571 469 1642 Αίπί
490 1580 612 1646 iudices
632 1581 830 1646 monendum
849 1580 903 1645 rix
923 1579 1043 1646 habere
1065 1579 1219 1646 Graecam
1240 1580 1385 1666 linguam

218 1687 462 1761 substantivum,
484 1687 534 1751 cui
550 1709 584 1752 se
597 1687 690 1753 facile
704 1687 784 1753 illud
800 1679 881 1751 αίπί
905 1687 1064 1770 applicare
1083 1687 1237 1772 potuerit,
1259 1691 1385 1771 practer

217 1816 317 1858 unum
340 1795 423 1856 νᾶπυ
438 1792 573 1858 Homeri
594 1799 699 1859 aetate
719 1795 887 1860 recentius.
924 1794 1044 1860 Contra
1057 1786 1193 1857 Α’ίπεια
1214 1795 1250 1858 in
1272 1795 1384 1860 simili·

216 1900 363 1964 tudinem
378 1900 473 1964 cessit
486 1899 708 1984 plurimorum.
744 1901 816 1966 Hoc
829 1901 936 1984 ipsum
950 1901 1038 1985 qnod
1052 1901 1289 1984 disputavimus
1307 1902 1384 1968 satis

218 2005 369 2085 declarat,
396 2028 493 2090 quarn
518 2029 569 2072 res
591 2007 685 2072 nobis
706 2007 802 2073 hodie
824 2008 1092 2073 adiudicandum
1115 2006 1255 2073 difficilis
1277 2007 1384 2074 fictura

217 2114 268 2179 sit.
307 2111 392 2177 Nam
412 2113 551 2197 primum
570 2113 605 2177 in
625 2114 736 2198 paucis
758 2115 875 2179 scimus
895 2115 1024 2199 proprie
1050 2114 1158 2179 addito
1180 2116 1383 2181 substantivo

217 2219 302 2284 dicta
323 2219 388 2283 sint
408 2241 519 2286 necne.
559 2220 643 2286 Dein
665 2221 699 2285 in
720 2221 771 2285 his
792 2221 879 2305 ipsis,
901 2243 983 2304 quae
1003 2221 1133 2307 proprie
1154 2221 1266 2286 addita
1285 2221 1384 2287 habe-

215 2326 295 2391 bant
321 2326 536 2406 substantiva‚
571 2327 702 2393 minime
734 2328 894 2392 sententia
924 2331 1035 2393 nostra
1065 2333 1114 2393 est
1143 2350 1211 2394 non
1239 2328 1383 2412 potuisse

215 2435 284 2499 fieri
309 2438 346 2499 ut
366 2438 628 2518 transponeretur
653 2439 812 2502 accentus.
852 2433 887 2501 Si
914 2436 985 2519 quis
1013 2459 1040 2500 e.
1062 2457 1092 2522 g.
1114 2439 1212 2520 poeta
1232 2457 1384 2500 concessa

214 2541 346 2608 licentia
355 2563 432 2607 usus
442 2542 551 2606 omisit
564 2541 801 2606 substantivum
809 2541 905 2625 vulgo
921 2564 987 2607 non
1003 2543 1108 2607 omitti
1122 2541 1384 2608 solitumolarum

217 2653 266 2714 est
293 2649 331 2714 de
357 2649 597 2732 transponendo
619 2653 753 2714 accentu
780 2649 916 2733 cogitari
943 2672 1010 2715 non
1031 2672 1135 2734 posse.
1174 2648 1240 2716 Sed
1260 2649 1383 2714 incolae

215 2756 351 2821 maxime
379 2760 421 2821 a
438 2755 564 2821 accolae
591 2777 685 2839 saepe
711 2756 878 2821 brevitatis
904 2777 1000 2821 causa
1029 2758 1267 2822 substantivum
1289 2755 1385 2822 omit·

216 2865 321 2928 tentes
354 2863 430 2927 ferri
463 2866 615 2947 poterant
646 2863 687 2926 ad
718 2863 980 2928 commutandum
1012 2867 1179 2928 accentum
1212 2863 1383 2948 praecipue

135 2982 206 3048 (306)
219 2969 388 3034 accedente
404 2969 542 3052 quadam
559 2969 777 3034 similitudine.
815 2968 869 3035 Sic
882 2969 979 3048 illam,
1001 2970 1092 3036 euius
1105 2970 1169 3036 iam
1183 2974 1280 3036 antea
1299 2969 1386 3036 facta

217 3078 266 3138 est
284 3075 414 3158 mentio,
435 3075 571 3141 Vulcani
585 3076 724 3141 insulam
739 3077 858 3142 omisso
870 3069 1060 3164 Ἡφαίστου
1082 3098 1243 3161 nusquam
1267 3077 1385 3143 dictam

217 3204 285 3247 esse
307 3176 399 3263 ίέραν
420 3205 486 3247 non
506 3188 645 3267 praesto.
689 3182 890 3268 Quamquam
919 3184 1089 3268 scriptores
1111 3183 1249 3250 Graecos
1275 3183 1387 3268 potius

218 3290 333 3356 dixisse
355 3283 427 3370 ίερά
448 3290 604 3355 oredimus
618 3290 694 3355 Mas
716 3291 780 3356 huo
800 3290 1042 3356 inclinantibus.
1085 3290 1124 3358 V.
1146 3294 1275 3376 praeter
1296 3290 1389 3356 locos

216 3394 326 3480 Polyb.
344 3419 440 3481 supra
455 3401 719 3462 commemoratos
735 3397 835 3463 Thur.
849 3396 896 3462 ΙΠ
915 3403 963 3465 88.
984 3398 1078 3463 Diod.
1094 3397 1126 3462 V
1140 3405 1166 3463 7.
1195 3397 1301 3464 Strab.
1317 3402 1388 3465 277.

215 3500 306 3568 llust
332 3510 423 3583 1644,
446 3509 494 3571 30.
530 3504 574 3568 Et
595 3504 740 3569 exhibuit
762 3504 807 3569 sio
832 3505 899 3569 cod.
921 3505 1021 3569 Paris.
1044 3527 1093 3589 ap.
1113 3503 1208 3569 Paus.
1231 3504 1262 3569 X
1285 3512 1338 3586 11,
1358 3510 1385 3571 4.

216 3605 297 3671 Item
310 3609 408 3678 Paris.
423 3611 458 3674 in
479 3611 544 3675 soh.
558 3611 662 3695 Apoll.
677 3610 739 3680 Rh.
754 3611 802 3676 IH
816 3621 864 3679 41.
886 3611 933 3677 IV
948 3619 1016 3679 761.
1053 3611 1116 3678 Sed
1130 3611 1216 3677 Flor.
1228 3603 1329 3693 Ἱέρα.
1347 3646 1385 3658 -

187 3712 190 3723 ’
215 3710 361 3795 Λιπάρα
382 3722 491 3783 utrum
513 3717 597 3783 dicta
618 3719 660 3782 stt
679 3717 885 3799 anAracpd
905 3719 993 3784 nulla
1014 3719 1176 3784 iudicandi
1197 3717 1315 3804 remila
1336 3739 1387 3784 es·

216 3824 273 3902 set,
295 3822 356 3886 nisi
370 3824 404 3888 in
418 3824 479 3889 hac
498 3826 642 3890 omnium
661 3826 818 3891 librorum
839 3848 1012 3891 consensus
1033 3829 1212 3910 praestaret
1225 3821 1384 3908 Λιπάρα,

215 3949 274 3992 nec
295 3926 461 3996 causaest
484 3931 661 4011 diffidendi,
693 3955 759 3997 non
785 3934 889 4018 magis
918 3954 1014 4016 quam
1041 3935 1067 3998 si
1093 3937 1176 3999 teste
1198 3932 1389 3999 Herodiano

214 4036 345 4102 minime
369 4037 427 4102 illo
449 4038 483 4102 in
503 4039 765 4105 distinctionibus
788 4041 944 4124 pertinaci
967 4041 1118 4106 docemur
1138 4039 1279 4105 insulam
1293 4038 1389 4105 Doli-

149 4160 198 4211 295
217 4143 309 4207 cham
335 4167 368 4210 se
396 4146 637 4210 accommodare
665 4146 705 4211 ad
727 4148 941 4213 characterem
969 4147 1244 4213 substantivorum
1265 4146 1301 4211 in
1323 4167 1390 4230 ιχηε

214 4251 456 4336 Arcad.p.115‚
478 4257 518 4320 28
539 4249 580 4315 τὰ
603 4245 651 4329 εἰς
669 4275 709 4338 χη
730 4250 990 4342 παραληχόμενα
1013 4278 1027 4318 ι
1047 4247 1235 4336 βαρύνεται,
1259 4247 1390 4337 Δολίχη

215 4360 324 4442 νῆσος,
349 4357 465 4444 δολιχὴ
488 4355 524 4423 δὲ
544 4351 564 4442 ἡ
588 4352 710 4442 μακρά,
731 4356 890 4447 μαστίχη,
914 4355 1077 4446 σαβαρίχη
1100 4363 1138 4445 (v.
1159 4361 1240 4426 Lob.
1264 4360 1390 4446 proleg.
