3008 4980
217 309 278 371 216
400 260 450 356 lll.
471 300 512 354 De
530 297 684 355 Aristarchi
701 297 816 353 scientia
834 297 1014 367 antiquitatis
1030 295 1206 352 Homericae.

217 469 406 554 plerumque
435 473 584 533 truncum
610 488 669 551 pro
691 488 888 551 unoquoque
909 486 1026 551 genere
1047 466 1281 550 interemptum
1303 465 1386 530 dixe-

217 581 307 655 runt,
335 576 508 642 obtruncet
528 576 600 640 ideo
623 577 672 639 est
693 574 834 640 occidit‘.
874 573 957 640 Item
978 575 1019 640 ad
1038 572 1087 639 ΠΙ
1109 579 1149 641 70
1170 573 1206 637 in
1228 594 1386 638 commen·

218 684 300 749 tario
326 684 447 770 legitur
472 683 571 769 vulgo
601 683 659 747 sic:
694 682 831 759 „Auster
861 685 969 747 sutem
1002 681 1107 766 quivis
1131 684 1279 746 ventus“.
1327 679 1386 746 Sed

153 797 202 848 219
221 791 322 857 Gnelf.
343 789 371 855 I:
398 789 586 870 „Quomodo
608 790 728 854 Auster
756 811 795 853 ex
816 788 965 871 Thracia,
991 811 1065 854 cum
1084 789 1169 854 lenis
1190 788 1256 854 sit?
1285 786 1386 853 Solvi·

135 899 208 968 (224)
220 903 285 963 tur:
306 900 425 964 Auster
437 919 496 982 pro
512 897 658 981 quolibet
671 901 768 962 vento
784 897 974 980 accipimus“
984 899 1036 964 ¹³⁵.
1067 896 1118 962 Ex
1132 895 1263 962 Graecis
1285 915 1385 960 exem-

218 1006 308 1090 plum
330 1009 399 1071 esto
416 1005 492 1071 hoc:
513 1006 566 1070 Ad
586 1003 718 1070 Hesiod.
741 1004 850 1090 theog.
874 1009 1035 1074 130-143

342 1108 472 1196 γείνατο
491 1104 523 1175 δ’
542 1102 582 1176 αὗ
602 1103 794 1188 Κύκλωπας
812 1104 975 1194 ὑπέρβιον
994 1102 1076 1197 ἦτορ
1098 1104 1245 1190 idemus,

343 1212 490 1305 Βρόντην
510 1241 545 1283 τε
566 1211 735 1304 Στερόπην
754 1239 790 1283 τε
811 1212 1005 1306 καῖ’Ἀργην
1025 1211 1273 1304 ὀβριμόθυμον,

344 1320 382 1394 οἳ
398 1323 480 1413 Ζηνὶ
500 1320 641 1412 βροντήν
659 1318 685 1389 τ’
710 1319 830 1391 ἔδοσαν
850 1319 968 1406 τεῦξάν
987 1348 1023 1392 τε
1043 1318 1218 1410 κεραυνόν·

345 1427 382 1500 οἳ
400 1427 442 1520 (λη’
462 1456 517 1500 τοι
536 1431 578 1498 τά
600 1428 661 1514 μὲν
683 1426 771 1496 άλλα
790 1437 887 1511 θεοῖς
909 1427 1094 1519 ἐναλίγκιοι
1113 1424 1201 1521 ἦσαν
1222 1471 1264 1484 -·

220 1544 255 1607 in
281 1544 330 1609 ed.
353 1543 498 1610 Trincev.
519 1543 582 1608 boc
608 1542 756 1608 scholion
782 1540 915 1628 legitur:
944 1535 981 1607 οἳ
1005 1536 1047 1628 δή
1068 1564 1138 1608 τοι.·
1163 1536 1300 1630 Κράτης
1319 1533 1388 1608 άνεὶ

220 1643 338 1716 τούτου
361 1643 464 1716 άλλον
487 1643 597 1730 στίχον
618 1643 847 1732 παρατίθεται

346 1752 378 1823 οῖ
401 1751 432 1822 d'
457 1755 494 1837 ἐξ
513 1749 695 1821 ἀθανάτων
716 1754 836 1843 θνητοὶ
855 1751 979 1845 τράφεν
1001 1750 1186 1843 niddense.

222 1869 300 1942 πῶς
320 1863 382 1950 γὰρ
408 1862 486 1942 τοὺς
515 1857 635 1942 αὐτοὺς
659 1867 756 1942 θεοῖς
781 1858 989 1948 ε’ναλιγκίους
1013 1861 1182 1949 λέγεικαὶ
1204 1861 1389 1951 ἐντῷτυῖν

221 1971 470 2038 Λευκιππιόαῖν
499 1965 674 2058 καταλόγῳ
703 1965 771 2037 ὑπὸ
795 1965 1010 2051 ’Λπόλλωνος
1037 1966 1255 2059 ἀναιρεῖσθαι
1282 1975 1389 2049 ποιεῖς

221 2073 245 2167 ἢ
267 2075 320 2147 ὅτι
342 2072 379 2145 οὗ
402 2073 531 2156 πάντας
550 2077 628 2156 τοὺς
649 2076 685 2144 ἐκ
706 2083 771 2144 τοῖν
792 2082 883 2145 θεῶν
904 2076 1080 2165 γεγονότας
1101 2074 1295 2159 ἀθανάτους
1308 2070 1390 2146 εἶναι

221 2182 407 2270 συμβαίνει,
432 2182 481 2265 αῖς
502 2209 603 2276 φησιν
620 2180 791 2265 Ἡσίοδος.
812 2182 847 2253 ἐν
868 2186 930 2273 γάρ
951 2190 1022 2266 τοῖς
1037 2183 1112 2276 ἑξῆς
1126 2184 1295 2276 Γηρυόνην
1311 2193 1391 2275 θνη-

221 2290 279 2359 τὸν
306 2286 386 2359 όντα
412 2288 610 2379 Χρυσάορος
635 2285 722 2359 εἶναι
750 2291 840 2379 λέγει
864 2295 989 2360 παῖδα·
1021 2291 1040 2363 ό
1067 2293 1104 2361 δὲ
1129 2291 1296 2382 Χρυσάωρ
1320 2299 1391 2361 Με-

224 2394 345 2487 όοόσης
364 2392 414 2488 ἦν.
435 2405 507 2480 παῖς
530 2399 567 2467 δὲ
588 2400 645 2468 καὶ
666 2397 749 2490 αὕτη
772 2397 793 2491 ἦ
816 2400 982 2470 Μέδουσα
1005 2398 1192 2493 άναιρεῖται
1211 2397 1268 2493 ὑφ’
1288 2399 1391 2487 Ἦρα-

222 2504 341 2586 κλέους
361 2507 418 2577 καὶ
440 2503 627 2597 δ”Ορθρος
652 2503 738 2576 κάων
765 2503 820 2576 ὑπ’
844 2504 1025 2577 άθανάτων
1046 2508 1275 2599 γεννηθέντεςς
1297 2504 1322 2599 ἢ
1342 2506 1392 2577 ότι

223 2615 307 2683 κατά
329 2613 453 2696 κάλλος
473 2616 531 2685 καὶ
548 2615 696 2703 μέγεθος
716 2620 813 2696 θεοῖς
827 2613 1010 2703 ἐναλίγκιοι
1023 2610 1118 2706 ἦσαν.
1149 2620 1222 2686 Ηοο
1235 2643 1303 2686 non
1318 2642 1392 2686 con·

223 2730 332 2793 tentus
355 2727 410 2812 qui
431 2728 518 2794 idem
539 2728 687 2794 scholion
708 2727 836 2812 scripsit
854 2728 888 2792 in
903 2728 972 2792 cod.
988 2728 1177 2794 Victorieno
1195 2732 1306 2814 aperte
1320 2733 1391 2794 ante

223 2835 321 2900 verbs
342 2837 413 2912 παῖς
434 2832 496 2919 γὰρ
519 2828 639 2912 αὐτούς
653 2835 763 2920 posuit
784 2827 976 2918 ,,άπορία“,
1000 2838 1074 2901 ante
1092 2837 1191 2901 verba
1206 2828 1231 2921 ἢ
1245 2830 1298 2902 ότι
1313 2830 1392 2914 „td-

223 2950 314 3018 οις“;
335 2943 414 3009 item
436 2947 510 3010 ante
531 2945 630 3010 verba
650 2944 721 3018 πῶς
743 2939 780 3006 δὲ
801 2939 858 3006 καί
879 2933 964 3028 αὕτη
986 2934 1179 3028 ,,άπορία“,
1204 2947 1279 3008 ante
1299 2934 1324 3029 ἢ
1344 2936 1393 3009 ότι

224 3043 379 3126 „leone
402 3050 442 3116 V.
457 3049 585 3116 Werter
606 3052 677 3116 Act.
699 3050 779 3134 phil.
800 3050 888 3118 Mon.
910 3049 942 3115 Π
962 3073 993 3134 p.
1017 3058 1087 3118 500.
1130 3050 1183 3117 Sic
1204 3051 1306 3136 igitur
1325 3050 1393 3136 pls·

225 3158 342 3222 cebant
364 3158 425 3223 sibi
443 3159 474 3222 in
499 3158 664 3223 nectendis
687 3158 796 3237 nodis,
817 3162 855 3222 ut
876 3180 943 3223 non
964 3158 1081 3222 mirum
1103 3158 1146 3223 sit
1167 3159 1325 3241 quaedam
1344 3157 1393 3222 in·

223 3266 319 3329 venta
348 3287 430 3348 esse,
461 3265 578 3349 quibus
614 3263 775 3329 solvendis
802 3287 836 3329 se
863 3265 1000 3348 impares
1027 3265 1264 3349 profiterentur.
1310 3265 1392 3350 Lege

223 3371 303 3435 mihi
324 3372 403 3437 haec
425 3370 539 3438 Servii:

306 3478 388 3546 Aen.
416 3477 462 3543 IX
483 3483 556 3546 363:
584 3476 667 3544 Sane
690 3478 855 3544 sciendum
878 3483 927 3544 est
951 3479 1059 3545 locum
1085 3481 1172 3546 hunc
1199 3501 1268 3546 esse
1294 3501 1394 3544 unum

225 3584 263 3648 de
284 3582 344 3648 XII
367 3585 419 3665 (al.
436 3583 525 3668 ΧΠΙ)
551 3585 681 3670 Virgilii
709 3586 774 3650 sive
800 3609 858 3671 per
883 3590 1031 3652 naturam
1053 3587 1196 3652 obscuris
1219 3587 1285 3652 sive
1307 3587 1394 3651 inso-

142 3702 214 3772 (225)
226 3689 382 3756 lubilibus
404 3692 469 3757 sive
492 3693 697 3759 emendandis
720 3694 786 3758 sive
808 3694 854 3758 sic
875 3693 1004 3774 relictis,
1025 3699 1063 3760 ut
1079 3717 1098 3759 a
1112 3694 1206 3760 nobis
1221 3716 1279 3778 per
1292 3694 1393 3759 histo·

223 3797 289 3862 riae
315 3798 466 3882 antiquae
493 3800 709 3884 ignorantiam
737 3800 858 3884 liquide
885 3823 951 3867 non
975 3800 1207 3886 intelligantur.
1251 3799 1297 3865 lb.
1321 3807 1393 3868 412:

292 4022 329 4063 1³⁵
346 4020 426 4075 Idem
436 4021 519 4077 homo
531 4021 561 4076 in
573 4023 628 4078 fine
640 4023 754 4079 secundi
770 4023 836 4078 libri
853 4024 1029 4095 quaestiones
1046 4023 1123 4079 tertii
1141 4023 1270 4093 colligere
1288 4023 1394 4094 coepit:

225 4103 384 4174 „Incipiunt
401 4105 576 4174 quaestiones
591 4106 657 4162 libri
673 4107 767 4162 tertii‘
786 4108 823 4178 (p.
844 4113 890 4163 176
910 4107 1011 4176 Lion.):
1036 4106 1104 4162 etsi
1122 4107 1298 4176 quaestiones
1318 4107 1394 4162 dein·

226 4206 290 4259 ceps
311 4188 467 4260 propositos
487 4188 628 4260 inspicies,
654 4190 780 4247 invenies
804 4208 837 4246 ex
855 4191 944 4248 Servii
968 4190 1172 4247 commentariis
1196 4194 1329 4262 excerpts
1345 4191 1394 4246 sed

225 4273 314 4342 magis
331 4273 362 4327 in
379 4272 496 4328 formam
515 4275 686 4343 quaestionis
703 4275 818 4330 redacta
835 4292 900 4331 esse.
930 4275 970 4333 ss.
989 4292 1022 4330 ex
1040 4268 1139 4329 eo'dem
1156 4292 1258 4344 genere
1275 4277 1318 4332 111
1336 4280 1393 4331 203.

227 4362 284 4413 ne.
303 4362 360 4418 ιιι.
378 4357 492 4420 sso.1V
509 4361 559 4418 sss
577 4358 622 4430 (α.
642 4361 710 4431 sse).
728 4365 786 4419 sss.
803 4364 861 4416 oss.
879 4360 904 4416 V
922 4366 980 4419 ιιι.
998 4364 1047 4416 493
1066 4362 1118 4416 ceu
