3008 4980
215 293 273 354 108
299 287 334 342 ΙΙ.
363 287 404 342 De
423 287 599 342 Aristarchea
616 289 815 344 vocabulorum
832 290 1041 346 Homericornm
1056 289 1304 361 interpretatione.

213 478 337 520 servare
365 460 532 521 accentum
561 481 664 523 suum.
695 459 912 523 —Dicamus
944 458 1046 545 igitur
1070 460 1110 523 de
1136 460 1386 545 significatione.

213 563 301 627 Bene
321 564 526 629 Aristarchus
547 568 729 632 attenderat
749 567 872 631 adhoc
893 588 997 652 genus
1016 565 1271 650 compositionis,
1294 570 1387 635 cuius

213 671 390 735 certissima
410 676 486 736 sunt
507 674 593 757 apud
614 674 792 739 Homerum
814 674 968 760 exempla
1006 672 1060 740 Sic
1079 667 1284 759 μετάγγελος
1304 676 1339 743 ln
1361 698 1387 743 c.

211 777 439 856 internuntius,
465 782 498 842 Ψ
520 787 585 848 199.
627 784 655 846 0
679 784 785 849 14455.
826 783 872 847 Et
894 787 933 847 ut
956 775 1157 865 μετάγγελος
1182 787 1234 848 ast
1258 777 1279 850 ὑ
1300 778 1387 866 μετά

211 904 297 948 τισιν
327 878 478 972 ίίγγελος,
509 889 554 953 εἰσ
587 883 809 972 ἐπιβουκόλος
841 894 874 954 et
906 883 1081 970 ἒπιβώτωρ
1108 882 1127 952 δ
1149 883 1337 974 βουκόλος,
1367 882 1385 955 ὁ

212 986 327 1076 βώτωρ
353 985 400 1056 ὢν
421 990 481 1059 ε’πί
499 1019 612 1081 τινων,
641 999 774 1062 minime
798 1019 873 1061 vero
895 997 942 1075 id,
969 998 1057 1080 quod
1076 996 1281 1063 Nitzschium
1303 999 1386 1064 velle

211 1100 304 1165 rideo
332 1102 384 1180 (ad
413 1103 472 1168 Od.
501 1109 627 1187 γ422),
667 1105 852 1189 pastoribus
883 1103 1082 1188 praefectum
1113 1104 1287 1192 significat
1333 1105 1387 1173 Sic

213 1209 317 1273 effecit
347 1211 563 1290 Aristarchus,
599 1215 636 1276 ut
667 1213 763 1276 etiam
795 1204 975 1299 ὑφηνίοχος
1007 1216 1041 1276 et
1072 1203 1235 1294 ὑποδμώς
1266 1213 1313 1296 (Ζ
1339 1221 1386 1282 19.

213 1315 327 1396 δ386)
358 1323 443 1384 recte
471 1320 676 1405 intelligeret.
722 1318 808 1384 lllud
832 1324 882 1384 est
912 1313 929 1383 ὁ
961 1313 1029 1383 ὑπό
1053 1342 1121 1383 τινι
1141 1313 1288 1404 ἡνίοχος,
1323 1321 1386 1386 hoc

213 1419 231 1491 ὑ
264 1422 331 1491 ὑπό
364 1449 429 1490 τινι
466 1425 568 1510 δμώς,
616 1430 654 1491 ut
692 1432 864 1511 utrumque
907 1427 988 1491 nihil
1023 1427 1148 1493 differat
1184 1451 1205 1492 a
1239 1428 1387 1514 simplici

212 1526 373 1616 ὑποδμώς
405 1558 425 1598 a
454 1529 544 1616 δμώς
572 1559 638 1601 non
667 1536 739 1619 plus
771 1557 867 1618 quam
894 1527 1142 1620 ὑποδρηστῆρες
1171 1536 1203 1616 (ο
1230 1540 1302 1604 330.
1347 1537 1385 1604 ci

213 1633 414 1724 ὑποδρώωσι
436 1647 508 1725 333)
535 1666 553 1706 a
576 1640 750 1728 δρηστῆρες
771 1643 811 1723 (π
832 1646 901 1710 248.
930 1663 950 1706 o
972 1649 1020 1710 70.
1051 1636 1240 1729 δρήστειραι
1259 1666 1280 1706 τ
1301 1648 1385 1726 345).

212 1750 414 1814 Aristonicus
436 1755 468 1810 Z
489 1757 525 1817 19
550 1743 741 1836 ὑφηνίοχος·
763 1743 795 1836 (ἡ
819 1747 932 1836 διπλῆ)
955 1745 1009 1814 ὅτι
1029 1743 1191 1832 παρέλκει
1212 1744 1232 1838 ἡ
1255 1744 1386 1834 πρόθε-

213 1879 266 1933 σις
286 1849 331 1932 ὥς
352 1853 387 1919 ἐν
407 1859 454 1941 τῷ
474 1851 738 1934 ,,Ποσειδάωνυς
758 1850 956 1938 ὑποδμώςῑί,
998 1855 1042 1921 Et
1065 1857 1150 1941 quis,
1176 1880 1317 1941 quaeso,
1344 1858 1387 1923 sit

213 1967 266 2030 ille
287 1964 402 2027 ἵππων
415 1957 603 2050 ὑφηνίοχος,
626 1987 723 2049 quam
738 1988 834 2049 quem
856 1966 992 2049 quisque
1007 1965 1189 2050 principum
1202 1966 1237 2029 in
1257 1966 1384 2051 proelio

214 2096 323 2139 secum
336 2073 478 2137 habebat
498 2074 539 2138 ad
560 2074 703 2157 agendos
724 2074 947 2156 curandosque
970 2094 1080 2156 equos,
1102 2073 1158 2156 qui
1178 2074 1292 2139 multis
1313 2074 1386 2139 aliis

214 2181 294 2246 locis
316 2174 491 2263 θεράπων,
516 2173 662 2268 ἡνίοχος,
692 2174 822 2265 ἡνίοχος
843 2176 1005 2263 θεράπων
1026 2180 1162 2246 dicitur?
1192 2181 1240 2246 cf.
1265 2182 1297 2245 Θ
1317 2189 1386 2251 104.

217 2295 285 2356 109.
309 2294 376 2356 113.
401 2295 466 2356 119.
508 2291 547 2351 Λ
575 2294 643 2355 341.
669 2294 739 2355 488.
766 2295 834 2356 620.
875 2291 919 2350 Μ
941 2296 981 2357 76
1008 2289 1046 2353 cf.
1074 2294 1122 2356 84.
1152 2296 1220 2357 111.
1255 2292 1293 2351 Ν
1315 2294 1385 2358 386.

218 2400 335 2463 0445.
374 2395 419 2459 Et
442 2397 615 2461 vatidicum
642 2396 732 2460 illum
759 2399 792 2460 et
812 2396 1042 2474 immortalem,
1075 2397 1113 2462 de
1136 2419 1200 2483 quo
1219 2397 1287 2462 filia
1309 2397 1388 2462 dicit

215 2504 253 2590 <a
274 2503 350 2589 384>

295 2623 459 2693 πωλεῖταί
478 2652 529 2706 τις
552 2630 648 2713 δεῦρο
671 2623 775 2712 γέρων
797 2623 895 2705 ίίλιος
916 2626 1076 2714 νημερτὴς

297 2731 468 2814 ἀθάνατος
488 2734 646 2822 Πρωτεὺς
666 2729 868 2820 Αἰγύπτιος,
890 2730 927 2812 dr
946 2759 982 2799 τε
1003 2731 1180 2822 θαλάσσης

297 2841 407 2931 πάσης
426 2841 552 2928 βένθεα
576 2835 657 2922 οἶδε,
680 2836 919 2921 Ποσειδάωνος
939 2838 1108 2927 ὑποδμώς,

135 3035 138 3041 .
215 2995 293 3037 num
317 2972 503 3056 putabimus
527 2971 666 3055 aliquem
686 2971 846 3036 inferioris
870 2970 990 3035 ordinis
1011 2969 1166 3034 famulum
1188 2968 1389 3053 significari?

215 3079 284 3144 Nec
312 3103 362 3144 res
391 3080 513 3163 patitur
538 3102 597 3143 nec
619 3101 722 3143 sermo
745 3078 912 3143 desiderat.
948 3075 968 3138 λ
989 3083 1049 3145 489
1070 3099 1129 3160 pro
1150 3069 1335 3161 βουλοίμην
1357 3069 1386 3140 κ’

216 3182 402 3269 ἐπάρουρος
423 3183 485 3249 ἐὼν
506 3182 688 3272 θητευέμεν
710 3178 802 3269 άλλη)
825 3186 954 3269 quidam
979 3184 1130 3270 legerunt
1155 3206 1192 3247 κε
1218 3180 1390 3270 πάρουρος

218 3297 257 3376 (v.
273 3295 455 3361 Hemsterh.
473 3295 514 3359 ad
527 3295 601 3358 Luc.
619 3292 690 3357 dial.
705 3297 799 3357 mort.
815 3291 876 3356 XV
893 3298 931 3370 1),
956 3293 1043 3375 quod
1062 3314 1129 3356 non
1151 3292 1277 3356 videtur
1298 3314 1388 3358 eom·
1435 3373 1437 3377 y

135 3402 399 3489 (116)mendabile
423 3425 505 3479 esse,
533 3402 589 3466 sed
610 3424 672 3465 vox
693 3401 733 3464 ad
754 3400 900 3486 regulam
921 3401 1015 3466 facta.
1051 3399 1117 3464 Vin
1139 3399 1273 3464 eandem
1293 3423 1388 3484 prae-

215 3508 432 3595 positionem?
468 3502 603 3593 άκοίτης
628 3503 849 3594 παρακοίτης,
880 3499 1008 3583 άκοιτις
1033 3500 1244 3590 παράκοιτις.
1292 3507 1388 3574 Gom-

216 3617 462 3682 memoravimus
484 3618 575 3684 haec:
603 3610 760 3700 ἐπίουρος
787 3617 817 3699 (ν
838 3623 906 3683 405.
936 3617 1079 3698 υ39)5θ,
1100 3609 1287 3698 πάρουρος,
1319 3639 1389 3679 πα-

153 3745 200 3797 109
218 3721 373 3810 ρακοίτης
395 3727 477 3807 (ος),
506 3717 730 3807 ἐπιβουκόλος
752 3726 783 3806 (γ
804 3730 873 3789 422.
895 3747 913 3785 υ
936 3728 1005 3790 235.
1036 3745 1061 3810 φ
1086 3729 1153 3790 199.
1182 3729 1293 3801 χ268.
1315 3730 1388 3792 285.

216 3837 298 3918 292),
318 3827 491 3917 ἑπιβιότωρ
514 3835 543 3917 (ν
564 3839 625 3901 222
648 3825 742 3916 άνδρί
764 3827 868 3913 δέμας
889 3823 995 3894 εἰκυῖα
1017 3825 1094 3915 νίφ,
1117 3822 1300 3912 ἐπιβώτορι
1320 3823 1388 3918 μή·

218 4007 291 4014 —...
298 4007 316 4012 .-
319 4006 397 4012 --—--
400 4007 447 4012 ..—

286 4102 311 4143 55
328 4100 361 4154 Η.
380 4101 397 4154 l.
415 4099 453 4154 sic
470 4099 552 4154 scribi
574 4099 675 4154 debere
697 4116 754 4153 non
771 4089 834 4166 μετ’
852 4091 914 4167 άγγ.
938 4098 1119 4167 (quamquam
1141 4097 1180 4152 sic
1202 4113 1280 4167 posse
1304 4100 1389 4168 putat

219 4185 307 4255 Eust.)
327 4203 360 4240 er
378 4186 431 4239 hoe
448 4185 508 4255 ipso
527 4186 640 4253 clarum,
660 4201 693 4238 er
710 4184 798 4239 altero
817 4181 1007 4238 certissimum.

286 4273 311 4314 5⁶
331 4265 491 4342 βουκολίων
512 4265 647 4340 ἐπίουροι
669 4269 734 4337 Cyn.
757 4270 770 4322 l
794 4272 849 4323 174.
874 4268 1038 4336 βουκολίων
1060 4257 1144 4338 οὖροι
1167 4272 1225 4325 375.
1247 4298 1281 4309 -
1301 4259 1389 4332 κόνες

219 4347 375 4428 προβάτων
392 4346 569 4425 ἐπιφόλακες
585 4352 671 4408 dubia
688 4354 771 4408 lectio
790 4352 866 4422 apud
884 4351 1010 4419 Longum
1027 4351 1041 4404 1
1059 4356 1100 4408 21.
