3008 4980
217 349 278 412 336
516 343 549 397 V.
572 343 613 398 De
631 341 734 398 criticis
750 342 904 398 Aristarchi
921 340 1085 396 rationibus.

135 477 216 602 (ζῇ).
300 508 339 575 H.
380 509 482 575 Porro
508 509 692 577 Zenodotus
726 512 764 577 de
797 510 990 596 quibusdam
1020 509 1102 574 falso
1131 506 1286 572 indicavit
1314 527 1384 569 erun

216 618 341 702 reliqua
358 616 493 682 Homeri
513 619 696 685 narratione
718 620 896 685 dissentire.
939 617 1029 682 Haec
1049 619 1088 680 ut
1106 615 1143 679 in
1162 614 1313 679 ordinem
1331 634 1384 676 co-

217 729 369 811 gerentur
397 729 431 790 et
456 727 593 791 mutavit
618 727 784 811 complura
815 731 848 793 et
881 725 1039 811 quaedam
1064 717 1102 788 ut
1128 722 1240 808 spuria
1266 720 1383 785 reiecit.

218 833 312 910 Quod
326 854 429 918 genus
442 835 481 897 nt
494 833 673 918 significem
688 834 834 918 exemplo
850 832 1087 898 demonstrabo.
1114 834 1154 892 Π
1164 835 1229 897 432
1242 827 1384 913 luppiter

217 941 251 1004 in
277 943 387 1005 monte
408 938 465 1004 Ida
483 939 641 1006 lunonem
660 940 836 1026 alloquitur
856 940 895 1005 de
917 938 1112 1024 Sarpedonis
1137 938 1240 1003 exitio
1260 934 1384 1000 consol-

217 1050 317 1113 turus.
351 1047 414 1112 Hic
429 1046 595 1113 Zenodoto
614 1047 737 1132 aliquid
757 1049 847 1114 hiare
867 1048 987 1113 visum:
1006 1041 1173 1130 ἐπιζητῶν
1192 1046 1270 1120 πῶς
1287 1035 1309 1127 r}
1330 1065 1384 1123 μι-

217 1153 297 1239 κρὸν
317 1150 511 1239 ἔμπροσθεν
532 1157 644 1239 (079)
668 1152 725 1220 ἒσὶ
744 1153 802 1221 τὸν
814 1149 993 1238 ''Oli-pirron
1012 1152 1314 1238 παρσκεχωρηισῐα
1333 1152 1385 1212 n‘o

218 1259 274 1328 ἐπὶ
294 1256 457 1349 trifidus·
478 1258 574 1332 ἐστίν.
610 1264 703 1329 Hanc
723 1266 766 1330 ob
788 1286 917 1330 causam
936 1263 1000 1329 hoc
1021 1261 1223 1346 colloquium
1243 1259 1384 1344 spuriam

218 1395 287 1438 esse
307 1371 469 1437 iudicavit.
512 1371 667 1438 Similiter
694 1372 783 1456 quod
808 1395 975 1457 nunquam
1002 1371 1181 1436 indicatum
1201 1389 1269 1452 quo
1289 1366 1385 1430 modo

136 1484 207 1552 (³5⁷)
219 1479 339 1566 Apollo
357 1502 397 1544 ex
417 1500 497 1565 agro
511 1478 652 1545 Troiano
673 1481 708 1544 in
728 1479 819 1545 Idam
840 1480 1022 1565 pervenerit
1035 1481 1074 1542 Π
1083 1483 1146 1546 666
1164 1498 1298 1541 versum
1316 1497 1386 1539 mu-

218 1589 298 1653 tavit
318 1587 371 1670 (de
386 1610 450 1671 qua
469 1588 657 1666 mutatione,
678 1588 713 1651 in
734 1610 799 1672 qua
819 1611 896 1654 sane
915 1586 1026 1653 indicii
1045 1585 1244 1672 elegantiam
1264 1582 1385 1648 deride·

217 1719 334 1774 ramus,
354 1699 440 1760 recte
453 1695 597 1761 iudicant
610 1696 828 1780 Aristarchei),
846 1719 974 1762 versum
996 1698 1031 1758 Π
1042 1700 1104 1762 677
1124 1696 1163 1758 ut
1182 1690 1385 1776 suppositum

218 1805 337 1868 reiecit
378 1802 428 1868 De
453 1803 514 1868 hac
538 1825 573 1869 re
600 1803 806 1869 Aristarchus
830 1827 942 1870 verum
965 1802 1093 1868 induxit
1118 1800 1290 1865 iudicium:
1318 1797 1386 1862 lieri

218 1911 372 1976 nonnulla
385 1911 472 1995 apud
487 1910 663 1976 Homerum
678 1934 761 1996 quae
774 1934 842 1977 non
864 1911 981 1976 diserte
1002 1911 1151 1977 dicantur
1169 1908 1229 1973 sed
1249 1929 1291 1972 cx
1309 1927 1386 1970 cou-

218 2018 367 2104 sequenti
397 2021 643 2104 cognoscantur.
695 2017 834 2096 „nollo
869 2017 955 2082 κατὰ
989 2014 1213 2101 συμπέρασμα
1246 2010 1335 2097 λέγει
1366 2007 1386 2076 ὁ

218 2124 362 2212 ποιητὴς
381 2123 608 2208 σιωπωμένως
628 2122 811 2210 γεγονότῶ(
826 2127 980 2210 (Ariston.
995 2129 1036 2189 H
1045 2127 1127 2209 432).
1160 2123 1241 2190 Lori
1254 2123 1313 2208 qui
1324 2121 1386 2187 hoe

154 2243 203 2294 ³42
220 2236 396 2320 probarent
417 2234 531 2314 notati,
551 2237 589 2299 ut
609 2235 640 2297 E
652 2240 720 2303 231.
740 2240 809 2303 337.
837 2238 857 2296 Ι
876 2242 947 2303 709.
967 2238 998 2298 Ρ
1013 2241 1064 2301 λλ.
1084 2237 1114 2296 Σ
1130 2238 1204 2300 356.
1228 2236 1388 2298 (71767.

219 2343 308 2408 Haec
333 2343 515 2409 observatio
542 2343 674 2408 omnino
700 2344 741 2409 ad
766 2366 874 2409 veram
899 2347 1068 2430 poetarum
1088 2339 1388 2425 interpretationem

218 2451 330 2536 magni
347 2451 504 2516 momenti
526 2454 607 2527 erat;
628 2454 662 2517 et
682 2451 723 2516 ad
743 2451 894 2518 meliores
908 2452 1110 2536 interpretes,
1127 2448 1264 2514 latinos
1283 2447 1390 2523 etim,

220 2557 268 2621 ita
287 2558 416 2622 transiit
433 2563 472 2623 nt
492 2581 588 2644 saepe
610 2582 648 2624 ea
668 2563 810 2625 utantur.

300 2679 356 2746 Ill
392 2683 533 2749 Omnino
549 2682 671 2749 clarum
685 2688 736 2749 est
754 2707 812 2769 per
825 2684 990 2750 meliorem
1012 2683 1261 2768 explicationem
1279 2702 1389 2746 reram

219 2790 338 2854 serrari
360 2812 456 2875 posse
481 2795 577 2857 antea
603 2797 779 2876 suspectos.
821 2791 974 2856 Pulcrum
1001 2791 1185 2875 exemplum
1204 2794 1256 2855 est
1276 2811 1293 2852 ε
1314 2794 1389 2855 art:

219 2897 275 2961 uhi
302 2921 361 2962 nec
382 2899 593 2983 Aristophani
620 2899 768 2966 dedecori
797 2905 847 2965 est
875 2900 963 2984 quod
988 2921 1055 2963 non
1082 2897 1242 2963 intellexit
1261 2900 1295 2961 et
1314 2894 1388 2959 Ari·

219 3006 365 3070 starchns
385 3005 492 3090 placet
512 3007 779 3092 interpretatione
800 3009 912 3073 tuitus.

301 3131 357 3197 ll'.
391 3130 530 3196 Multam
551 3132 720 3197 dubitandi
737 3133 904 3197 materiam
922 3132 957 3196 iu
978 3131 1160 3198 Homericis
1180 3132 1261 3196 dant
1278 3150 1390 3196 versu

220 3238 269 3302 bis
295 3239 348 3304 rel
373 3242 500 3325 saepius
525 3241 663 3326 repetiti.
705 3239 777 3305 Hos
802 3246 840 3304 ut
860 3263 926 3306 uno
951 3244 1079 3306 tantum
1099 3240 1173 3305 loco
1193 3239 1390 3322 relinquet

320 3477 417 3544 φίλοις
436 3492 469 3531 τε
487 3477 589 3531 δοῦναι
607 3469 693 3544 σῶμά
708 3468 735 3530 r’
751 3474 795 3540 εἰς
812 3468 918 3539 νόσους
935 3471 1029 3530 πεσὸν

320 3553 478 3617 δαπάναισι
495 3565 592 3616 σώσαι

218 3638 417 3717 μεταγράφων
434 3641 512 3703 olleo

322 3723 444 3801 reciproce
460 3750 493 3789 re·
510 3734 611 3788 δοῦσαι
629 3725 715 3800 σῶμά
730 3731 755 3786 τ’
775 3731 817 3796 εἰς
834 3729 941 3797 νόσους
955 3728 1049 3787 πεσὸν

321 3808 463 3876 alicastrum
481 3811 632 3889 lurcorum
651 3846 686 3857 -

220 3906 266 3953 λμλ
287 3888 302 3953 d
321 3898 422 3971 Ζήνων
439 3894 699 3971 λσανομθοῦμεοσς
715 3895 752 3955 td
768 3908 822 3958 τοῦ
839 3903 1031 3974 Σοφοκλέους

323 3968 402 4045 llrrrrc
421 3980 452 4037 nl
471 3982 546 4057 apte
563 3982 708 4056 τύραννον
725 3983 922 4058 ἐμπορεύεται

320 4066 418 4121 κιλνοο
436 4058 491 4123 'ors
509 4068 620 4131 δοῦλος.
640 4061 696 4121 adv
712 4064 869 4140 ἐλεύθερος
884 4069 968 4142 μόλῃ,

220 4148 404 4221 pristmum-v

322 4224 376 4291 orla
395 4226 456 4291 lora
476 4234 587 4297 δοῦλος,
607 4228 643 4290 dv
659 4233 821 4309 ἐλεύθερος
834 4234 919 4310 μόλῃ.

224 4322 351 4375 Athones
372 4318 439 4373 linos
458 4316 517 4387 ipsa
536 4317 664 4389 oxornpla
680 4336 731 4376 nos
753 4322 906 4379 admonent
928 4326 964 4380 de
985 4325 1214 4396 philosophorum
1234 4324 1390 4382 naua

222 4422 298 4465 οιιιιιιι
316 4422 399 4477 supra
419 4401 588 4461 mundonem
605 4404 667 4463 feci.
