3008 4980
412 324 434 374 1.
464 318 615 375 Aristonici
632 318 703 375 liber
721 320 755 375 de
773 317 848 374 notis
865 315 1026 375 Aristarchi.
1285 328 1304 389 7

132 488 273 572 primum
295 487 471 568 ostendam,
492 511 559 554 non
580 509 655 554 suas
675 487 895 553 Aristonicum
915 486 1075 553 illustrare
1096 489 1198 553 notes.
1233 487 1306 554 Hoc

131 599 222 681 patet
247 617 286 661 ex
312 595 468 660 eiusmodi
496 594 577 660 locis
605 594 707 679 qualis
735 598 784 660 est
804 598 834 658 P
851 601 893 662 24
912 591 952 660 τὸ
973 595 1106 681 σημεῖον
1126 588 1335 671 Διονίσιοςτ

131 700 264 787 (Thrax)
290 698 348 766 διά
374 697 430 767 τὸν
453 694 659 789 Ὑτιερήνορά
685 721 797 787 φησιν.
828 704 858 766 Ρ
881 707 940 770 125
965 695 984 766 δ
1009 697 1047 766 δὲ
1067 693 1246 779 Διονύσιος
1265 699 1303 767 τδ

131 800 266 896 σημεῖόν
287 830 403 895 φησιν,
427 804 483 874 δτι
504 801 669 897 ἤλλακται
688 810 824 885 τιτοίσις.
865 808 949 875 Item
973 813 1005 872 T
1021 816 1062 878 49
1084 802 1103 874 ὁ
1126 805 1163 874 δά
1183 806 1304 875 Διονί-

131 936 205 994 σιος
222 914 268 982 τὸ
290 909 427 1002 σημεῖόν
450 933 565 1002 φησιν,
590 911 644 982 δ’τι
661 970 668 983 .
683 965 690 980 .
707 966 737 982 ..
773 918 801 983 0
823 924 883 985 571
911 912 964 983 ὅτι
992 918 1040 1002 τῷ
1066 909 1211 1002 εάκτικῷ
1232 909 1305 982 άντί

132 1027 377 1110 τιροστακτικοδ
392 1020 561 1113 ἐχρήσατο,
579 1019 625 1102 δίς
639 1044 722 1112 φησι
737 1018 914 1101 Διονύσιος
928 1025 1044 1110 (schol.
1053 1025 1109 1110 V>.
1128 1025 1210 1091 Aliis
1225 1025 1305 1092 locis

131 1132 351 1218 compluribus
380 1133 458 1198 dicit
478 1129 695 1218 σημειοῦνταί
714 1155 809 1211 τινες,
834 1128 910 1199 ὅτι.
932 1182 978 1215 ..,
1007 1155 1088 1217 quos
1110 1133 1200 1200 locos
1221 1133 1305 1199 infra

131 1263 250 1327 ponam
279 1241 510 1324 ostendamque
531 1240 782 1325 haudquaquam
804 1242 946 1321 obstare,
970 1239 1143 1326 quominus
1163 1241 1304 1308 Aristar-

131 1349 225 1416 choas
246 1352 341 1414 notas
363 1348 403 1414 ab
427 1371 465 1415 eo
487 1348 664 1421 illustratas
685 1353 845 1433 putemus.

208 1456 344 1527 Etenim
358 1456 538 1522 Aristarchi
552 1460 646 1522 notas
661 1457 802 1543 intelligi
823 1457 864 1522 ab
879 1455 1065 1522 Aristonico
1086 1455 1226 1540 primum
1246 1479 1304 1540 pa·

131 1569 179 1631 tet
211 1587 249 1630 cx
278 1564 558 1631 observationibus
586 1563 806 1649 compluribus
840 1563 894 1629 hic
922 1563 991 1628 sine
1023 1562 1154 1628 nomine
1181 1563 1306 1648 positis,

132 1694 211 1757 quas
240 1670 369 1738 aliunde
394 1676 541 1738 tenemus
562 1671 742 1737 Aristarchi
769 1693 849 1739 esse.
891 1670 1043 1757 Legimus
1065 1669 1305 1736 ohservationes

131 1780 171 1845 de
196 1773 285 1862 νέον,
313 1774 450 1866 ζωστήρ,
479 1776 589 1861 ζῶμα,
619 1773 838 1864 δεδουπότος,
859 1773 958 1865 ἕρμα,
975 1774 1099 1866 φόβος,
1122 1765 1204 1862 ὦδε,
1232 1769 1307 1841 άντί

132 1886 322 1972 simpliciter
341 1886 465 1972 positas
486 1889 549 1955 hoc
568 1888 683 1955 modo:
712 1879 732 1976 ἡ
760 1884 868 1971 διπλῆ
895 1880 948 1951 ὅτι
970 1882 1078 1973 φόβου
1102 1882 1170 1974 τὴν
1185 1879 1302 1974 φυγήν,

131 1990 150 2084 ἡ
177 1992 283 2083 διπλῆ
309 1988 423 2061 ὅτιτὸ
450 1981 517 2059 ὦδε
545 1987 708 2061 οὐδέποτε
734 1995 883 2071 τοπικῶς
908 1985 1064 2078 καθάπερ
1088 1987 1183 2080 ἡμεῖς
1209 1989 1305 2078 λέγει.

131 2103 196 2170 Sed
215 2103 274 2169 has
296 2102 536 2168 observationes
551 2103 729 2168 Aristarchi
752 2125 822 2170 essa
845 2103 909 2186 (cui
929 2124 997 2168 non
1018 2103 1090 2188 ipsa
1110 2101 1307 2187 praestantia

131 2212 356 2296 persuadeatl)
378 2209 497 2275 scimus
519 2233 558 2275 ex
579 2211 749 2295 Apollonii
770 2211 833 2279 lex.
854 2210 950 2276 Hom.

214 2317 349 2404 Saepius
375 2317 513 2402 legimus
535 2312 555 2405 ἡ
579 2317 684 2407 διπλῆ
705 2316 791 2404 τυρὸς
810 2315 870 2407 τὴν
891 2311 1096 2403 ὁμωνυμίαυς
1123 2321 1157 2383 at
1176 2317 1305 2384 Aristo-

131 2426 197 2493 nici
220 2429 300 2493 nota
325 2425 366 2491 ad
392 2429 421 2490 Β
442 2429 502 2493 837
523 2426 658 2493 scimus:
687 2423 881 2514 ε’σημειοῦτο
909 2422 947 2491 δὲ
973 2417 1223 2510 δἈρίσταρχος
1244 2424 1307 2504 Ιτοὶς

132 2525 325 2615 ὁμωνυμίας
349 2529 435 2617 ιιρδς
458 2529 496 2598 τά
520 2528 762 2616 Πυλαιμέυους.
807 2537 846 2598 Π
864 2540 926 2604 358
950 2535 992 2618 (P
1012 2538 1083 2612 115)
1110 2526 1205 2614 Αἴας
1231 2525 1259 2599 δ’
1289 2524 1307 2600 ὁ

131 2638 251 2726 μίγαςε
271 2666 291 2730 η
306 2639 411 2729 διπλῆ
424 2635 481 2708 δτι
495 2645 710 2726 συγκριτικῶς
725 2638 856 2726 λέγεται
870 2638 956 2726 πρὸς
968 2639 1026 2707 τὸν
1048 2635 1159 2725 ἕτερον
1169 2632 1306 2707 Αίάνια

130 2741 151 2843 δ
169 2743 275 2832 μέγας
296 2741 315 2815 δ
341 2745 571 2832 Τελαμώνιος,
596 2745 671 2815 incl
692 2745 818 2827 ἐκεῖνος
836 2743 949 2832 μείων.
987 2749 1034 2814 At
1054 2770 1112 2834 per
1131 2750 1306 2834 Didymum

132 2851 173 2923 ad
195 2859 224 2920 Β
248 2865 304 2925 111
328 2858 523 2943 accepimus,
554 2858 773 2943 compluribus
799 2858 879 2923 locis
902 2857 943 2924 ab
966 2856 1154 2922 Aristarcho
1177 2857 1303 2942 exposi-
1314 2862 1354 2931 (9)

133 2967 203 3030 tum
230 2986 299 3030 esse
329 2966 368 3030 de
397 2965 518 3050 duplici
538 2986 600 3031 usu
621 2964 795 3030 Homerico
816 2963 965 3030 vocabuli
985 2957 1102 3047 μέγας,
1128 2986 1200 3029 cum
1222 2987 1307 3031 nunc

136 3071 325 3157 simpliciter
339 3073 472 3153 dicatur,
493 3094 579 3137 nunc
594 3072 635 3137 ad
650 3071 914 3159 distinguendum
929 3095 948 3136 a
969 3072 1154 3158 cognomini
1175 3073 1308 3157 minore,

134 3183 171 3244 ut
196 3179 231 3244 in
251 3179 350 3246 Aiace
372 3178 563 3246 Telamonio
591 3176 684 3265 (πρὸς
703 3177 762 3267 τὴν
782 3176 866 3244 κατὰ
887 3176 946 3245 τὸν
965 3173 1101 3246 Αἴαντα
1120 3176 1178 3245 τὸν
1198 3173 1308 3262 ἕτερον

134 3281 322 3370 διάκρισιν).
365 3287 411 3354 cf.
432 3287 584 3374 Apollon.
606 3290 689 3373 synt.
715 3295 840 3370 41,14.
868 3327 908 3336 -
934 3291 974 3352 Π
994 3294 1052 3356 106
1077 3280 1099 3373 ἦ
1125 3286 1229 3370 διιιλῆ
1256 3282 1308 3352 ὅτι

132 3388 168 3460 ἕν
180 3413 250 3460 τισι
264 3385 426 3480 γράφεται
440 3392 512 3459 κολιι
528 3386 665 3481 φάλαρα
687 3398 757 3481 (pro
779 3392 835 3461 καί
852 3388 1012 3484 φάλαρα).
1047 3396 1093 3462 At
1108 3397 1171 3462 duo
1187 3395 1309 3462 scholia

134 3503 196 3568 fide
226 3502 416 3588 dignissima
447 3504 590 3589 (Didymi
610 3507 643 3570 et
663 3503 846 3586 Nicanoris)
870 3504 909 3570 de
931 3504 1118 3569 Aristarcho
1140 3507 1308 3585 testantur,

134 3610 270 3678 alterum
295 3605 490 3698 γράφεσθαί
513 3621 614 3698 φησιν
641 3603 891 3695 δἈρίσταρχος
916 3608 973 3676 καὶ
998 3605 1158 3696 ,τίσετετο
1182 3604 1211 3676 δ
1241 3603 1308 3676 αἰεί

135 3715 206 3783 κὰπ
218 3709 341 3807 φάλαρ’
359 3710 543 3807 εδσοίητα“
566 3715 623 3784 διά
645 3721 702 3784 τοῦ
722 3740 760 3797 τι,
783 3719 920 3784 alterum
931 3710 1147 3803 Ἀρίσταρχος
1168 3715 1227 3784 διὰ
1247 3721 1308 3787 τοῦ

135 3819 193 3892 καί
213 3821 395 3907 συνδέσμου
414 3823 494 3913 ,ζειαί
514 3821 670 3916 φάλαραίί
691 3820 826 3913 γράφων
846 3820 979 3905 πάντως
999 3825 1099 3912 βραχὺ
1122 3823 1308 3893 διέστελλον

136 3930 193 4000 ἐπὶ
212 3932 250 4001 τὸ
269 3928 344 4003 clei.
365 3973 407 3986 —
427 3940 462 4000 K
474 3942 536 4005 204
558 3929 602 4021 ἑῷ
622 3927 738 4002 odacri:
758 3930 790 4024 (ἡ
808 3934 925 4024 διπλῆ)
947 3930 1000 4003 ὅτι
1022 3931 1162 4001 κατὰτὸ
1184 3934 1309 4021 πλῆρες

135 4040 327 4110 τὰτοιαῦτα
342 4039 486 4131 ἐκφέρει.
516 4045 740 4111 Aristarchum
753 4044 837 4111 hanc
852 4045 1007 4113 sermonis
1021 4043 1186 4111 Homerici
1199 4043 1307 4130 legem

136 4152 322 4219 observasse
345 4153 473 4220 aliunde
496 4157 623 4218 constat
644 4155 684 4236 (v.
709 4156 832 4237 quaest.
855 4176 904 4239 cp.
926 4151 1041 4238 specl
1062 4175 1092 4237 p.
1105 4157 1145 4220 29
1167 4151 1305 4238 (quaest.

137 4281 186 4345 ep.
206 4282 238 4345 p.
256 4268 314 4329 114
334 4261 419 4346 sq.>).
442 4295 482 4305 -
503 4259 696 4346 Saepissime
719 4260 827 4346 diplen
848 4260 988 4345 positam
1008 4261 1198 4339 invenimus,
1220 4258 1307 4344 quod

136 4366 327 4435 vocabulum
357 4368 489 4452 aliquod
519 4369 662 4454 positum
682 4369 740 4448 sit,
771 4367 954 4452 ut-dicunt‚
981 4360 1086 4446 ἰδίαις.
1126 4365 1165 4433 In
1184 4366 1236 4432 his
1258 4369 1307 4432 est
