3008 4980
399 337 422 388 1.
448 331 599 388 Aristonici
615 332 687 388 liber
707 332 834 389 de'notis
851 333 1013 389 Aristarchi.
1256 340 1294 403 11

123 502 331 589 σημειοῦνταί
343 523 431 578 τινες
452 496 506 568 ὅτι
520 495 620 566 σόλον
640 498 699 566 τὸν
721 496 836 566 δίσκον
857 491 960 568 εἶπεν.
999 503 1030 566 Ω
1046 507 1106 570 624
1128 501 1298 586 σημειοῦν-

99 639 103 650 ¹
121 602 180 673 ταί
198 631 285 685 τινες
299 603 352 675 ὅτι
369 602 529 687 Ἡσίοδος
549 609 604 695 (fr.
620 615 681 677 234
698 609 834 696 eoem>
855 603 1010 695 ἐποίησεν
1030 602 1213 694 ,μ’ίπτησαν
1233 603 1294 690 μὲν

122 716 249 801 πρῶτα,
263 713 496 805 περιφραδέως
509 709 540 782 d’
552 711 741 799 ἐρίσαντοίῑ.
763 711 873 796 οὐδεὶς
881 713 917 782 δὲ
928 713 1161 804 περιφραδέως
1173 714 1299 798 aeruna

124 821 216 908 κρέα,
241 817 330 890 ἀλλὰ
350 823 483 908 μᾶλλον
505 817 604 912 ὀπτᾷ.

206 934 350 1000 Primum
373 934 585 1011 monendum,
616 934 651 998 in
676 934 728 999 his
755 957 856 999 unum
882 936 1059 1001 alterumve
1086 935 1195 1000 locum
1221 958 1299 1015 esse,

124 1044 181 1108 ubi
206 1035 288 1108 illud
313 1044 524 1128 σημειοῦνταί
546 1064 632 1118 τινες
657 1065 723 1108 non
749 1044 790 1107 ab
821 1043 1006 1109 Aristonico
1035 1041 1215 1128 profectum
1241 1046 1299 1122 est,

125 1151 181 1216 sed
202 1151 242 1215 ab
265 1153 491 1235 epitomatore,
517 1150 573 1235 qui
594 1171 667 1215 cum
688 1149 823 1236 legisset
845 1143 864 1238 ἡ
890 1149 995 1238 διπλῆ
1015 1188 1065 1231 -,
1086 1172 1159 1215 cum
1179 1151 1242 1214 hoc
1263 1151 1297 1216 in

127 1279 222 1323 suum
252 1280 346 1322 usum
374 1260 588 1337 converteret,
621 1256 759 1324 formula
788 1283 866 1325 usus
895 1263 944 1326 est
970 1251 1299 1344 acceleracione.

124 1367 197 1432 Ηοο
218 1388 451 1450 nonnunquam
472 1364 594 1430 factum
612 1388 696 1446 esse,
718 1366 918 1433 luculentum
939 1367 1121 1452 exemplum
1142 1366 1297 1431 habemus
1316 1373 1345 1425 11

124 1477 154 1537 Σ
174 1481 247 1554 510,
275 1474 333 1539 ubi
353 1473 414 1538 AD
438 1473 592 1538 exhibent
617 1476 830 1559 σημειοῦνταί
848 1496 935 1552 τινες
955 1469 1009 1539 ὅτι
1030 1467 1063 1538 οἱ
1084 1467 1298 1558 ἐπιστρατεῦ-

125 1602 239 1657 σαντες
264 1573 363 1646 πόλει
387 1577 453 1644 τινί
474 1577 531 1645 καί
551 1578 634 1663 μετὰ
655 1580 809 1647 σπονδῶν
831 1575 1127 1665 ἀπαλλασσόμενοι
1148 1574 1298 1664 ε’λοίμβα-
1310 1592 1364 1663 (13)

126 1712 180 1755 νον
194 1683 288 1770 παρὰ
306 1690 371 1752 τῶν
394 1684 650 1770 πολεμουμένων
670 1685 708 1755 τὸ
731 1686 832 1776 ἥμισυ
853 1692 919 1754 τῶν
940 1686 975 1755 ἑν
996 1693 1036 1781 τῇ
1055 1683 1156 1756 πόλει
1176 1682 1300 1773 κτημοί-

125 1819 201 1861 των.
237 1795 301 1862 Sed
314 1797 385 1881 ipsa
398 1798 575 1864 Aristonici
597 1798 765 1865 annotatio
787 1802 913 1864 servata
932 1799 996 1866 hoc
1017 1799 1129 1864 modo:
1150 1791 1171 1883 ἡ
1198 1796 1299 1885 διπλῆ

126 1905 177 1991 <at
184 1906 246 1972 hoc
255 1928 321 1971 non
330 1907 434 1970 exstat
444 1905 612 1990 incodioe>
624 1902 710 1988 πρὸς
723 1902 761 1972 τὸ
777 1898 915 1990 ἀρχαῖον
929 1899 1021 1991 ἔθος,
1037 1901 1091 1972 ὅτι
1106 1899 1139 1972 οἱ
1158 1904 1300 1990 πολιορ-

127 2007 285 2096 κούμενοι
304 2017 364 2079 oet.
400 2011 490 2078 Idem
504 2013 626 2079 factum
646 2016 678 2076 Ψ
691 2019 760 2095 523,
783 2015 871 2099 quod
884 2012 1048 2100 intelliges
1070 2037 1109 2080 ex
1122 2014 1300 2080 Herodiani

128 2146 210 2207 quae
239 2122 359 2187 ibidem
388 2123 438 2187 est
464 2121 695 2188 observatione.
737 2122 788 2187 De
815 2121 962 2207 reliquis,
989 2122 1024 2187 in
1046 2144 1128 2207 quos
1149 2122 1211 2188 hoc
1233 2144 1299 2188 non

128 2230 220 2309 cadit,
242 2229 320 2314 quid
334 2229 541 2295 statuendum
562 2230 613 2311 sit,
635 2252 673 2295 aa
694 2229 919 2295 observatione
941 2230 1101 2309 ducemur,
1123 2229 1211 2314 quod
1229 2229 1299 2315 ple·

127 2359 255 2420 raeque,
272 2358 355 2421 quae
371 2335 521 2403 dicuntur
535 2359 554 2401 a
569 2337 761 2421 quibusdam
775 2337 900 2421 positae
923 2359 1002 2414 esse,
1024 2341 1122 2403 notae
1142 2337 1183 2402 iis
1203 2337 1300 2402 rebus

128 2444 337 2522 adhibentur,
367 2464 447 2526 quas
473 2442 663 2528 plerumque
690 2445 730 2509 ab
758 2445 830 2528 ipso
855 2444 1044 2517 Aristarcho
1072 2447 1201 2510 notatas
1230 2466 1300 2511 esse

127 2551 316 2619 invenimus.
354 2549 407 2617 Sic
429 2551 517 2634 quod
537 2550 726 2637 legebamus
741 2556 773 2614 Z
785 2559 845 2620 219
865 2545 978 2628 Οίνεῦς
992 2547 1071 2634 με’νε
1091 2545 1302 2636 σημειοῦνταί

127 2681 212 2736 τινες
226 2653 275 2723 ὅτι
291 2654 376 2742 πρὸς
389 2655 426 2723 τὸ
444 2659 578 2743 πρῶτον
597 2651 792 2747 ἀπήντηκεν.
828 2658 893 2727 Sed
906 2661 1083 2728 innumeris
1096 2661 1176 2726 locis
1191 2660 1300 2746 diplen

127 2767 266 2852 positam
283 2765 465 2833 invenimus
487 2759 565 2843 „dcc
578 2763 664 2850 πρὸς
684 2764 723 2833 τὰ
748 2760 900 2853 δεύτερον
919 2763 1081 2854 πρότερον
1100 2760 1300 2857 ἀπήντηταί(

128 2879 158 2938 Β
179 2880 249 2943 629.
288 2875 321 2937 Δ
341 2881 411 2941 451.
446 2877 477 2936 Ζ
496 2879 564 2942 108.
599 2877 634 2936 Η
655 2880 682 2943 8.
701 2881 771 2943 276.
795 2881 866 2943 306.
904 2876 1001 2944 (065.
1036 2879 1057 2938 I
1076 2880 1145 2942 531.
1178 2879 1218 2939 A
1242 2883 1301 2944 100

128 2985 223 3066 (221).
246 2986 316 3051 εει.
342 2985 378 3044 Ν
397 2982 441 3065 ’(1)
464 2986 535 3049 763.
575 2976 694 3051 5391.
741 2982 819 3050 οε.
842 2989 891 3051 eo.
913 2987 983 3051 330.
1011 2986 1153 3067 (11251)
1180 2986 1209 3045 Σ
1229 2989 1300 3052 roc.

129 3097 196 3159 595.
229 3092 318 3160 Y68·
341 3093 411 3158 233.
447 3093 485 3152 Χ
501 3094 569 3158 158.
603 3088 635 3152 Ω
657 3095 728 3157 605.
750 3087 895 3155 -Item
915 3093 1009 3158 Aoo
1030 3093 1111 3168 πᾶςε
1129 3092 1300 3177 σημειοῦν-

127 3191 184 3262 ταί
196 3219 282 3275 τινες
300 3192 354 3262 ίίτι
375 3197 473 3263 τοῦτο
496 3186 568 3261 ἀντὶ
588 3198 648 3263 τοῦ
670 3190 760 3273 ὅλος.
797 3195 861 3264 Sed
884 3199 1071 3284 saepissime
1093 3199 1179 3286 diple
1194 3200 1301 3284 posita

128 3329 167 3373 εο
188 3309 379 3392 argumento
401 3299 481 3382 „dcc
501 3306 571 3381 πᾶς
592 3296 666 3371 ἀντὶ
685 3307 744 3369 τοῦ
765 3299 878 3382 dicct
904 3308 934 3369 Β
956 3311 1025 3375 809.
1060 3309 1089 3370 Θ
1109 3312 1159 3376 58.
1191 3310 1231 3371 Λ
1252 3313 1301 3376 65.

134 3416 171 3476 M
192 3418 262 3484 340.
296 3415 332 3475 Ν
355 3414 441 3496 (191)
469 3417 538 3481 408.
569 3417 641 3481 548.
676 3417 712 3479 Π
738 3417 808 3481 333.
830 3418 901 3482 801.
940 3418 971 3477 c)
998 3419 1068 3483 345.
1105 3419 1143 3478 Χ
1161 3420 1230 3483 286.
1270 3417 1303 3480 Ψ

132 3525 199 3590 135.
220 3557 261 3570 -
284 3523 329 3584 M
347 3525 408 3588 303
428 3513 641 3605 σημειοῦνταί
662 3542 748 3598 τινες
769 3517 917 3587 ἐνταῦθα
938 3516 993 3586 ὅτι
1014 3519 1152 3612 περισσὴ
1173 3516 1193 3610 ἡ
1216 3517 1301 3604 πρό-

128 3631 226 3704 θεσις
248 3619 269 3716 ἦ
294 3622 374 3712 περί
400 3624 644 3712 (φυλάσσοντας
669 3625 747 3712 περὶ
770 3626 883 3716 μῆλα).
928 3631 973 3696 At
1000 3633 1033 3695 et
1061 3630 1143 3696 aliae
1168 3631 1302 3697 voculae

129 3737 307 3822 superfluae
338 3739 417 3802 nota
440 3736 599 3803 indicatae
623 3740 657 3802 et
681 3737 951 3822 praepositiones,
979 3761 1007 3803 v.
1037 3739 1066 3802 Θ
1090 3746 1128 3807 19
1154 3742 1205 3823 (Π
1228 3743 1301 3822 591)

133 3849 164 3906 Τ
175 3850 222 3913 62.
252 3844 333 3910 Cum
347 3843 411 3910 hoc
424 3866 499 3910 vero
514 3844 587 3910 loco
606 3848 773 3928 praeterea
794 3845 1057 3930 coniungendum
1077 3846 1177 3917 schol.
1192 3849 1227 3910 Κ
1242 3852 1300 3916 188

129 3947 433 4038 φαλασσομένοισιι
455 3944 487 4038 (ἡ
506 3949 622 4037 διπλῆ)
645 3946 697 4018 ὅτι
711 3943 783 4016 σἰνιί
796 3955 856 4018 τοῦ
877 3946 1093 4037 φυλάσσουσι,
1113 3949 1304 4040 παθητικὸν

129 4051 202 4124 ἀντὶ
224 4055 438 4144 ίνεργητικοῦ.
472 4057 555 4125 Item
577 4060 665 4143 quod
687 4065 755 4126 erat
776 4063 820 4124 Μ
832 4068 890 4130 211
914 4055 1126 4147 σημειοῦνταί
1143 4083 1231 4138 τινες
1251 4055 1303 4126 ὅτι

129 4168 225 4232 τοῦτο
248 4160 293 4245 ὡς
312 4159 486 4251 γενόμενον
509 4162 607 4252 λέγει,
629 4159 800 4250 γινόμενον
821 4164 859 4233 δὲ
883 4163 920 4233 οὐ
941 4161 1133 4255 παρίστησι·
1159 4164 1217 4233 καί
1237 4189 1302 4230 πα-

130 4276 235 4355 ρεῖται
262 4269 282 4361 ἡ
309 4266 489 4358 πρόθεσις,
518 4270 552 4338 ἕν
576 4268 715 4359 ἀγοραῖς
739 4271 817 4358 γάρ,
844 4277 921 4342 huic
947 4277 1086 4359 primum
1108 4275 1302 4362 respondent

130 4382 260 4468 plurimi
293 4383 356 4451 loci
386 4386 520 4469 propter
547 4385 699 4453 omissam
732 4385 1004 4469 praepositionem
1034 4384 1140 4451 notati
1166 4374 1298 4464 (λείπει,
