3008 4980
216 315 277 377 300
664 306 711 361 IV.
736 307 777 363 De
796 306 934 377 prosodia

217 466 395 552 στενάχωνε
422 467 476 538 ὅτι
497 471 549 536 δεῖ
568 475 760 554 βαρυτονεῖν
779 470 818 537 τὸ
838 463 1002 551 στενάχων
1023 465 1068 549 ὡς
1088 465 1230 558 ὀρέγων·
1250 471 1373 560 καὶγὰρ

217 578 407 658 στενάχοντο
429 572 475 656 ώς
494 571 658 662 δρέγοντο.

152 704 201 755 301
301 683 335 755 Ξ
345 693 403 755 421
423 679 456 771 (η
474 685 593 771 διπλῆ)
615 681 720 751 ὅτιτὸ
743 678 891 765 ἰάχοντες
912 679 958 763 ὡς
977 679 1158 769 ὀρέγοντες·
1181 681 1267 752 ὅθεν
1285 689 1373 771 βαρυ-

216 797 323 858 τονεῖν
349 792 401 857 δεῖ
425 785 526 872 ἰάχων
552 785 597 868 ὡς
624 785 758 877 ὀρέγων.
804 792 968 878 Tyrannio
995 785 1098 872 λαχών
1127 795 1157 856 Ε
1180 799 1242 861 302
1268 794 1332 876 (ubi
1351 816 1373 858 v.

216 900 348 979 Herod.)
371 904 405 966 et
425 891 565 978 λαχοῦσα
586 901 617 962 Ε
636 903 705 966 343.

300 1007 329 1069 Ρ
346 1011 407 1075 688
428 1000 590 1070 κυλίνδειτ
611 997 825 1091 Ἀρίσταρχος
850 998 997 1091 βαρύνει.
1034 999 1247 1089 ὑγιεῖςπάνυ
1270 1004 1325 1072 διδ
1340 1005 1372 1071 τὰ

218 1111 396 1201 κινήματα·
429 1107 599 1177 κυλίνδετο
630 1113 709 1194 γοῦν
734 1131 835 1198 φησιν
861 1115 901 1195 (θ
928 1118 977 1183 81.
1009 1111 1028 1176 λ
1057 1117 1130 1199 598)
1161 1107 1235 1195 coxi
1261 1111 1373 1180 ἐκυλιν-

218 1220 318 1299 δεῖτο,
339 1216 396 1283 καί
422 1212 467 1305 ,,ἡ
492 1215 529 1284 δέ
549 1213 767 1305 κυλινδομένη
792 1218 938 1306 καναχὴν
958 1215 1036 1300 ἔχω·
1058 1223 1110 1303 (Π
1127 1223 1212 1307 794).
1256 1216 1374 1288 διὸκαὶ

217 1321 347 1409 βαρέως
371 1323 432 1414 τὴν
458 1321 619 1391 κυλίνδων
640 1318 923 1409 ἀναγινώσκομεν·
957 1322 1069 1411 ,μέγα
1090 1330 1181 1410 κῦμα
1201 1323 1374 1392 κολίνδων“

217 1436 247 1518 (ε
267 1439 350 1513 296).
388 1480 391 1485 -

300 1542 345 1604 Μ
363 1544 424 1608 337
444 1540 612 1624 γεγωνεῖνε
634 1532 652 1602 ὁ
671 1531 914 1627 Ἀσκαλωνίτης
934 1534 1072 1626 βαρύνει
1093 1534 1139 1618 ώς
1160 1533 1281 1621 άνδειν,
1299 1535 1376 1627 Ἀρί-

218 1667 356 1731 σταρχος
371 1643 408 1712 δέ
421 1648 571 1734 περισπᾷ
584 1638 631 1723 ώς
645 1644 764 1734 φιλεῖν.
798 1644 856 1712 καὶ
874 1642 963 1713 έοικε
984 1646 1114 1730 μᾶλλον
1135 1641 1375 1733 περισπώμενον

218 1744 418 1839 εἶναιπαρὰ
440 1757 487 1838 τῷ
509 1756 645 1841 ποιητῇ·
666 1747 712 1830 ὡς
732 1752 794 1838 γὰρ
816 1748 927 1820 ένόεον
948 1753 1006 1840 καί
1027 1750 1180 1842 δφίλεον,
1209 1751 1314 1834 οὕτως
1331 1751 1377 1819 καί

91 1879 95 1886 ·
218 1856 395 1945 ἐγεγώνευν
415 1855 495 1947 ἔφη·
521 1855 669 1944 ,,ἡ’μενος
690 1853 887 1948 ἐφρασάμην
908 1859 966 1927 καὶ
983 1856 1166 1950 Τηλεμάχῳ
1187 1857 1376 1948 δγεγώνεον“

217 1968 248 2052 (ρ
275 1974 350 2046 161,
377 1970 486 2050 -νευν).
530 1959 774 2052 δπαρέμφατόν
804 1990 840 2033 τε
868 1965 1094 2055 προηνέγκατο
1123 1967 1163 2036 τὸ
1195 1965 1375 2055 γεγωνέμεν·

217 2070 265 2162 „c‘q'
290 2068 321 2159 ῥ’
352 2069 387 2138 ἐν
411 2065 566 2159 μεσσάτῳ
595 2068 670 2139 ἔσκε
696 2072 901 2159 γεγωνέμεν“
928 2077 974 2159 (Θ
994 2080 1078 2160 223).
1124 2073 1324 2164 προσέθηκα
1346 2069 1375 2138 δέ

217 2179 311 2265 παρὰ
332 2182 381 2266 τρῖ
402 2183 541 2270 ποιητῇ,
576 2176 650 2246 ἐπεὶ
675 2176 707 2247 οῖ
732 2175 801 2264 μετ’
832 2175 932 2249 αὐτὸν
952 2181 1009 2248 καί
1036 2176 1082 2261 ώς
1101 2175 1288 2269 βαράτονον
1307 2176 1374 2248 ciui

216 2283 349 2354 έκλιναν
370 2286 427 2353 καί
448 2284 494 2367 ὡς
516 2284 782 2373 περισπώμενον.

300 2399 344 2460 Μ
362 2404 422 2466 201
450 2391 633 2486 ὑψιπέτηςτ
658 2389 871 2480 Ἀρίσταρχος
899 2392 1055 2482 έβάρυνεν
1082 2391 1186 2479 εὑρών
1210 2396 1250 2463 τὸ
1263 2389 1374 2480 Μάκυ-

216 2499 302 2569 πέτα
329 2500 501 2591 χρυσέῃσιν
531 2499 726 2590 ἐθείρῃσιν·
754 2506 799 2584 (Θ
824 2511 873 2574 42.
922 2509 957 2567 Ν
982 2509 1035 2588 24)
1064 2500 1168 2582 οὕτως
1195 2500 1374 2588 κεκλιμένον

217 2603 295 2676 niuei
318 2609 375 2676 καί
400 2603 470 2677 άπὸ
495 2617 554 2676 τοῦ
578 2605 802 2698 παντοπώλης
822 2606 1030 2677 παντοπώλα
1055 2612 1093 2699 <1.
1117 2610 1261 2697 πώλα).
1302 2601 1374 2696 πρί-

218 2716 320 2805 δηλον
346 2714 383 2783 δὲ
408 2710 472 2783 κάκ
494 2721 558 2782 τών
581 2714 776 2784 διαλέκτων·
796 2712 968 2808 ὑψιπέτας
988 2715 1050 2802 γὰρ
1072 2713 1196 2806 εὑρέθη
1216 2754 1266 2783 ω.

135 2841 207 2912 (316)
301 2827 332 2889 Ε
351 2834 411 2895 511
436 2818 581 2912 άρηγώνε
610 2818 823 2911 Ἀρίσταρχος
848 2819 1021 2906 ὀξυτόνως·
1050 2823 1109 2891 καὶ
1132 2824 1239 2912 δῆλον
1264 2822 1301 2892 ἐκ
1324 2825 1372 2908 ‘ii

218 2929 363 3017 πλαγίου
384 2931 504 3013 ,,δοιαί
523 2929 584 3016 μέν
604 2929 770 3020 Μενελάῳ
793 2927 975 3021 ἀρηγόνες·
997 2935 1041 3016 (Δ
1062 2937 1095 3017 7)
1111 2933 1241 3020 <V>²1³.

746 3353 787 3428 Ο.
812 3355 861 3447 Π.

621 3517 672 3584 Dc
692 3520 976 3604 τ’νιιονοομένοιιοτιε.

299 3682 381 3748 Rem
395 3683 561 3767 explicabo
574 3704 677 3768 paene
698 3683 839 3750 ieiunam
859 3706 919 3750 nec
939 3683 1078 3750 mulium
1097 3682 1248 3748 culinus
1269 3681 1374 3749 uincu-

217 3811 293 3872 στω,
313 3791 370 3855 sed
389 3791 519 3856 tandem
541 3791 713 3874 aliquando
737 3791 985 3877 intelligendum
1006 3794 1056 3856 esi
1077 3790 1156 3874 quid
1176 3789 1238 3855 sibi
1258 3790 1314 3856 ille
1329 3788 1374 3853 iu·

152 3909 201 3960 305
219 3897 420 3981 temspiratio
442 3896 532 3976 velit,
566 3918 648 3982 quoe
673 3897 858 3981 frequenter
878 3902 1002 3965 veteres
1024 3897 1251 3986 gremmuiicos
1271 3897 1373 3982 logen-

218 4004 305 4069 iibus
327 4004 467 4070 offertur.

284 4169 322 4211 2¹⁹
338 4167 380 4224 De
402 4167 497 4224 enclisi
519 4172 548 4224 et
571 4170 740 4240 anastrophe
759 4168 913 4225 Anoterchi
935 4169 1091 4225 doctrinm
1108 4171 1245 4239 quotenus
1260 4161 1375 4223 innocuit

217 4271 274 4311 una
291 4271 354 4309 cum
371 4253 542 4323 reliquorum
558 4253 807 4323 grammaticorum
825 4253 984 4323 praeceptis
1001 4254 1115 4323 exposui
1135 4252 1166 4308 in
1188 4249 1374 4322 quaestionum

218 4339 359 4410 epicorum
376 4336 526 4409 specimine
544 4337 642 4408 primo.
671 4337 756 4393 Nunc
771 4337 802 4393 in
820 4337 1029 4407 quaestionibus
1046 4335 1139 4408 epicis.
