3008 4980
219 315 277 376 124
298 308 331 361 H.
361 306 402 362 De
421 307 598 364 Aristarchea
614 309 814 365 vocabulorum
832 309 1041 363 Homericorum
1058 307 1306 378 interpretatione.

218 467 355 556 άμαθος
379 476 599 560 explicandam
625 479 773 543 vocabuli
799 468 969 562 ψάμαθος
997 477 1270 563 significationem
1292 477 1392 541 usita-

217 584 374 648 tissimam
395 606 527 667 ponere,
554 584 604 650 cui
627 585 707 650 haec
729 585 831 650 altera
853 586 891 650 de
912 584 1034 650 fluuali
1054 606 1150 649 arena
1171 585 1315 649 finitima
1336 587 1391 649 est.

135 937 205 1006 (129)
620 926 754 1019 ’Όχθιμ
790 926 978 1020 Κρημυύς.

303 1087 334 1146 Φ
354 1089 414 1151 200
437 1077 469 1170 (ἡ
494 1081 611 1170 διπλῆ)
640 1079 694 1151 ὅτι
721 1077 950 1171 άυτιπέφρακε
975 1088 1015 1174 τῇ
1042 1078 1129 1172 ὄχθῃ
1155 1081 1214 1149 τὸυ
1236 1081 1388 1170 κρημνόν.

220 1197 277 1258 172
305 1186 337 1275 (ἡ
368 1190 485 1279 διπλῇ)
517 1186 569 1257 ὅτι
595 1183 638 1277 ἣν
664 1195 720 1255 νῦν
743 1184 849 1277 ύχθηυ
876 1185 1006 1280 εἴρηκεν
1031 1187 1107 1278 ἑξῆς
1133 1186 1293 1277 κρημνόν·
1325 1183 1387 1270 ,,ού

218 1291 325 1362 δύνατ’
355 1294 392 1363 ἐκ
420 1302 616 1384 κρημνοῖοίί.
659 1291 769 1363 πάντα
796 1296 858 1381 γὰρ
888 1297 928 1363 τὰ
954 1293 1072 1390 ὑψηλά
1101 1291 1206 1379 ύχθαι
1227 1295 1388 1383 λέγονται.

689 1501 919 1509 —-—-·--——.

633 1658 766 1728 Πύλαι
788 1668 821 1730 et
841 1655 967 1746 θύραι

344 1816 590 1903 άιὶυιιλιρααιιιιιυ.
627 1818 708 1883 Illae
728 1818 984 1901 auctmentum,
1006 1818 1065 1882 hoc
1086 1816 1257 1883 ιλουιουυοι.

297 1980 335 2047 Il.
350 1986 387 2044 X
398 1988 438 2049 69
460 2004 545 2046 nunc
566 1982 705 2067 legimus
729 1972 785 2060 οὓς
805 1978 928 2070 τρέφοι
949 1977 984 2046 ἐν
1004 1977 1182 2067 μεγάροισι
1200 1983 1389 2070 τραπεζῆας

216 2080 423 2172 πυλαωρούς.
459 2088 523 2155 Sed
538 2089 599 2154 alia
613 2089 718 2169 lectio,
739 2091 925 2156 Aristarcho
949 2095 1067 2175 optata,
1090 2095 1158 2157 erat
1180 2088 1388 2178 θυραωρούς.

217 2195 323 2261 Schol.
346 2197 377 2260 A
405 2189 619 2281 πυλαωρούς·
654 2190 867 2281 Ἀρίσταρχος
893 2189 1105 2282 θυραωρούς,
1134 2195 1388 2288 θυροφύλακας.

216 2303 322 2369 Schol.
343 2303 371 2367 B
395 2297 605 2387 Ἡρωδιανὸς
630 2299 827 2390 θυραωρούς
854 2301 991 2393 γράφει·
1022 2297 1132 2383 πύλας
1152 2303 1214 2391 γάρ
1246 2303 1305 2373 ἐπὶ
1326 2301 1390 2373 πύ-

217 2404 300 2474 λεωύ
315 2433 410 2498 φησι·
433 2408 580 2475 παλαιὸν
597 2407 633 2476 δὲ
654 2406 737 2489 ἔθος
756 2416 933 2499 τηρεῖσθαι
952 2412 1027 2480 κυσὶ
1046 2411 1124 2491 τοὺς
1143 2413 1311 2494 πυλῶνας,
1336 2416 1390 2482 aa

109 2526 112 2533 '
216 2511 392 2601 βαύζουτες
419 2519 550 2607 δηλοῖευ
577 2521 647 2596 τοῖς
673 2515 768 2586 ἔιδον
788 2519 865 2599 τοὺς
886 2518 1004 2602 ξένους.
1046 2524 1140 2602 Quod
1164 2523 1313 2608 pulcrum
1339 2526 1390 2590 in·

216 2632 347 2693 ventum
368 2630 549 2716 negligenti
576 2630 699 2694 auctori
722 2631 829 2696 nescio
858 2630 909 2695 cui
930 2631 1156 2716 relinquimus,
1178 2633 1234 2716 qui
1256 2655 1297 2697 ne
1319 2633 1390 2699 Ho-

216 2759 339 2801 merum
361 2738 491 2822 quidem
512 2739 694 2823 inspexerat
716 2738 890 2804 dicentem:
928 2729 985 2816 ούς
1009 2735 1134 2826 τρέφον
1156 2734 1191 2803 ἐν
1210 2732 1390 2824 μεγάροισι

154 2861 200 2911 125
218 2843 413 2930 τραπεζῆας.
456 2846 604 2911 Eustath.
625 2847 668 2911 ib.
689 2846 794 2929 (1257,
819 2850 871 2929 36)
898 2843 935 2910 τὸ
969 2842 1005 2910 δὲ
1032 2843 1231 2930 πυλαωρούς
1251 2850 1389 2931 θυραω-

217 2949 295 3034 ρούς
317 2947 348 3017 οἱ
370 2947 523 3029 πλείονες
545 2946 720 3040 γράφουσι,
743 2948 893 3037 λέγοντες
911 2947 1020 3035 θύρας
1039 2949 1100 3034 μὲν
1122 2949 1180 3018 ἐπὶ
1198 2947 1305 3032 οἴκου,
1330 2949 1390 3019 πύ-

217 3059 279 3137 λας
311 3056 348 3124 δὲ
373 3056 431 3124 ἐπὶ
456 3052 588 3137 πόλεως
613 3057 784 3144 λέγεσθαι.
826 3062 1031 3127 Aristarchus
1058 3062 1103 3127 sic
1128 3062 1237 3146 potius
1259 3063 1389 3129 dixerit:

217 3164 324 3234 πύλαι
345 3165 403 3233 ἐπὶ
423 3162 557 3247 τείχους,
581 3162 686 3253 θύραι
709 3165 767 3233 ἐπὶ
789 3162 898 3244 οἰκίας
924 3169 1052 3252 (Thom.
1074 3169 1139 3253 M).
1184 3168 1270 3234 Nam
1294 3174 1390 3255 porta

217 3280 300 3342 muri
326 3278 366 3342 ad
387 3276 585 3342 defendenda
608 3276 801 3342 Graecorum
828 3280 931 3342 castra
959 3278 1112 3343 exstructi
1135 3270 1241 3341 πύλαι
1263 3277 1389 3347 dicitur.

217 3384 277 3450 llla
303 3408 377 3451 vero
404 3388 498 3469 porta
525 3382 628 3467 qualis
655 3384 753 3448 fuerit
779 3383 966 3450 Aristarcho
998 3385 1169 3470 diligenter
1197 3385 1390 3469 quaesitum.

217 3492 362 3557 Alteram
377 3493 444 3556 eius
460 3491 717 3557 observationem
732 3492 923 3558 offendimus
938 3493 1017 3558 item
1037 3493 1201 3579 egregiam
1222 3515 1391 3578 nunquam

218 3598 311 3664 aliter
329 3599 507 3664 Homerum
528 3599 684 3664 vocabulo
708 3595 884 3665 adlocuti
906 3623 1003 3684 quam
1024 3600 1141 3686 plurali
1162 3623 1306 3679 numero,
1329 3602 1391 3666 eti-

218 3707 298 3770 amsi
324 3729 422 3770 unam
444 3710 570 3791 portam
592 3707 753 3794 designet,
781 3712 819 3773 ut
839 3705 962 3772 Σκαιαὶ
982 3702 1089 3773 πύλαι
1111 3710 1143 3790 (Ι
1162 3713 1230 3775 354.
1257 3710 1302 3770 Μ
1322 3714 1390 3778 120.

218 3817 299 3895 291).
332 3814 402 3879 Hac
417 3815 639 3880 observatione
656 3815 694 3880 de
715 3838 790 3880 vera
811 3817 949 3882 lectione
970 3817 1148 3882 iudicatum
1169 3818 1270 3897 1383,
1293 3839 1391 3901 quem

217 3920 325 3985 locum
348 3923 433 4006 apud
454 3922 608 3987 Wolfium
630 3945 759 4006 quoque
782 3925 826 3989 sic
848 3924 1000 4008 legimus:

301 4021 373 4091 αἵθ’
397 4022 626 4111 ἑκατόμπυλοί
647 4023 722 4109 εἶσι,
748 4024 916 4119 διηκόσιοι
939 4024 972 4097 δ’
993 4023 1042 4094 ἀν’
1065 4024 1204 4119 ἑκάστην

302 4128 416 4216 άνὲρες
437 4132 618 4216 ἐξοιχνεῦσι
640 4177 676 4186 -

137 4265 207 4335 (130)
219 4245 421 4309 Aristonicus
442 4244 535 4310 haec:
557 4236 605 4308 ἀν’
629 4241 783 4325 ἑκάστας·
806 4241 837 4334 (ἡ
857 4247 974 4333 διπλῆ)
997 4243 1050 4313 ὅτι
1072 4239 1121 4312 ἄν’
1144 4239 1285 4325 ἑκάστας
1306 4247 1391 4334 πλη-

219 4354 383 4428 θυντικῶς
406 4348 467 4428 τὰς
491 4347 600 4430 πύλας
626 4347 672 4432 ὥς
695 4344 782 4421 εἶναι
811 4351 930 4423 ἑκατὸν
954 4350 1113 4440 τάγματα.
1151 4351 1255 4433 οὕτως
1276 4351 1314 4420 δὲ
1336 4348 1387 4420 ἆτ’
