3008 4980
584 344 606 394 1.
629 337 671 394 De
688 337 857 393 accentibus.
1243 343 1303 407 289

134 497 301 587 ποταμός,
332 499 350 571 ὁ
376 501 480 581 καλὸς
503 497 669 586 ποταμός,
692 499 717 569 ό
745 501 857 588 βαθύς
876 497 1030 585 ποταμός
1050 503 1121 569 Arr.
1141 504 1254 588 peripl.
1277 512 1303 570 7.

130 606 219 693 Ἱερὰ
247 604 332 692 όίκρα
355 610 415 678 Str.
437 609 513 676 XIV
534 617 604 679 666.
644 609 761 699 Λευκὴ
786 605 869 698 ἀκτή
889 611 920 677 X
940 616 1011 690 489.
1051 613 1082 672 Γ
1080 607 1177 687 λυκύς
1203 603 1303 696 λιμήν

134 717 284 797 Vllecr.
318 715 440 795 Βαθὺς
461 711 561 803 λιμήν
576 718 620 784 IX
634 725 703 788 403.
737 715 865 806 Κωφὸς
885 713 1147 803 λιμήνλᾙθθθ.
1182 709 1305 798 ἡΚρε-

134 822 246 912 μαστη
262 824 423 906 Λύριυσα
438 824 482 890 IX
496 829 564 893 435.
585 833 655 894 440.
681 818 826 908 Ἐρυθρὰ
841 822 961 908 βῶλος.
984 817 1069 904 Ἱερὰ
1084 818 1177 909 κώμη
1191 823 1303 908 Polyb.

134 931 212 1013 XVI
233 938 280 1011 18.
321 932 396 998 Aha
417 953 546 1016 quoque
568 932 786 1008 additamenta
810 932 974 999 habebant
1000 930 1163 996 adiectivis
1190 952 1305 997 conve-

136 1039 268 1117 nientia.
311 1039 461 1123 Apellen.
488 1038 549 1104 Rh.
569 1037 602 1104 Π
623 1045 682 1108 686
710 1033 740 1105 εί
769 1032 801 1104 δ’
830 1031 889 1122 dyc
919 1035 958 1124 δη
987 1041 1087 1124 νῆσον
1110 1034 1170 1119 μὲν
1188 1031 1305 1102 Ἑωίου

133 1139 350 1227 ’Λπόλλωνος
375 1137 468 1232 τήνδ’
498 1139 591 1231 ἱερὴν
617 1141 787 1229 κλείωμεν.
832 1144 936 1223 Strab.
966 1143 1013 1219 Vi
1038 1151 1098 1223 275
1126 1138 1244 1229 ταύτης
1269 1139 1307 1208 δὲ

135 1245 257 1334 μεταξύ
276 1247 350 1329 πώς
369 1248 440 1327 ἐστι
460 1249 518 1318 καί
537 1255 598 1338 τῆς
617 1246 773 1333 Σικελίας
792 1242 832 1338 ἣν
854 1254 911 1317 νῦν
920 1246 1026 1333 Ἱερὰν
1037 1245 1224 1334 Ἡφαίστου
1246 1272 1306 1313 κα-

136 1357 242 1432 λοῦσι.
278 1358 379 1426 Nullo
393 1361 490 1427 modo
511 1361 608 1426 scribi
628 1365 737 1445 potest
757 1361 816 1445 τῆς
837 1353 930 1443 ίέρας
945 1354 1144 1447 Ἡφαιστου,
1166 1362 1204 1423 ut
1220 1357 1305 1443 apud

137 1465 252 1551 Polyb.
279 1465 412 1533 XXXIV
440 1476 486 1534 11.
534 1467 596 1534 Est
625 1466 641 1533 I
666 1474 706 1536 60
736 1464 796 1552 τὴν
829 1460 922 1549 ἱερὰν
955 1461 1161 1550 καλουμένην
1197 1467 1305 1550 νῆσον.

139 1579 178 1643 61
205 1570 265 1659 τὴν
291 1567 382 1657 ίερὰν
409 1575 517 1658 νῆσον.
561 1572 900 1659 Schweighaeuserum
926 1574 1072 1640 mutandi
1097 1572 1229 1658 prurigo
1255 1572 1306 1636 in-

139 1681 244 1763 cessit,
264 1703 294 1746 v.
314 1680 379 1746 ind.
402 1675 475 1763 ἱερὰ
493 1675 680 1767 Ἡφαίστου
699 1681 793 1746 Diod.
816 1679 847 1746 V
868 1687 896 1748 7.
919 1718 960 1728 —

219 1787 388 1854 Demosth.
415 1787 555 1854 Halonn
579 1810 611 1873 p.
639 1793 678 1856 86
703 1787 741 1854 R.
763 1789 800 1873 (ὅ
822 1788 877 1872 39>
908 1783 1023 1871 βωμὸς
1051 1788 1110 1851 τοῦ
1136 1783 1221 1864 Διὸς
1247 1789 1307 1852 τού

140 1887 245 1977 ὁρίου,
269 1889 306 1971 ὅς
320 1891 390 1961 ἐστι
402 1891 524 1976 μεταξὺ
539 1893 688 1959 Πτελεοῦ
710 1892 939 1980 καίΛευκῇς
961 1886 1059 1981 ἀκτῇ
1065 1916 1094 1972 ς,
1120 1880 1159 1957 οὗ
1179 1886 1199 1978 ἡ
1226 1892 1305 1957 dsw-

138 1995 216 2086 ρυχὴ
238 1994 355 2082 ἔμελλε
375 1992 589 2087 Χερρονήσου
611 1995 767 2079 ἔσεσθαι,
790 1997 836 2078 ύίς
857 1998 951 2086 μετὰ
974 1993 1168 2084 ἐπίγραμμα
1189 1998 1226 2066 τὸ
1250 1996 1306 2065 ἐπὶ

138 2109 198 2189 τού
216 2110 336 2193 βωμοῦ
356 2110 415 2172 τού
434 2105 521 2187 Διὸς
540 2109 599 2175 τού
621 2102 714 2191 ὁρίου
737 2106 842 2193 δηλοῖ.
875 2102 945 2185 ἔστι
968 2103 1005 2175 δέ
1025 2102 1129 2186 τουτί·

303 2208 398 2280 τόνδε
419 2211 666 2300 καθιδρύσαντο
688 2217 762 2301 θεῷ
783 2211 989 2298 περικαλλέα
1010 2211 1126 2299 βωμὸν

345 2323 507 2407 Λευκῆς
528 2317 585 2395 καί
603 2320 754 2387 Πτελεοῦ
774 2318 899 2405 μέσσον
920 2318 998 2406 ὅρον
1018 2317 1160 2402 θέμενοι

306 2424 466 2507 ἐνναέται,
487 2420 594 2513 χώρης
614 2424 765 2515 σημήϊον.

220 2533 310 2601 Num
334 2536 505 2617 miramur?
532 2535 624 2602 Nihil
647 2537 682 2601 in
707 2538 758 2604 his
779 2538 900 2603 facturn
919 2558 1016 2620 quam
1039 2527 1153 2620 eumd
1179 2530 1306 2616 ἐρυθρά

140 2643 261 2709 dictum
282 2646 331 2709 est
351 2664 410 2727 pro
431 2637 451 2728 η
476 2639 604 2727 ἐρυθρὰ
625 2640 794 2711 θάλασσα.
830 2636 942 2721 Χυτός
960 2641 1109 2726 Apollon.
1131 2641 1192 2709 Rh.
1207 2640 1224 2706 Ι
1237 2648 1307 2721 990,

140 2750 196 2835 qui
217 2753 267 2815 est
287 2746 397 2827 Χυτὸς
418 2745 519 2835 λιμήν
534 2756 603 2819 987.
644 2751 717 2829 Huc
738 2752 902 2836 pertinent
923 2743 1111 2833 Πλομκταίε
1131 2752 1168 2815 ut
1190 2743 1305 2832 Γυραί,

141 2858 180 2922 de
205 2879 271 2942 quo
291 2856 408 2923 Herod.
432 2878 507 2939 μην.
536 2855 563 2922 λ.
585 2879 617 2942 p.
641 2866 691 2940 17,
717 2865 757 2927 29
784 2855 847 2937 „cd
875 2855 913 2929 ,όὲ
938 2850 1080 2945 Γυρῇσίν
1105 2879 1165 2939 μιν
1189 2858 1306 2939 πρῶτα

138 2959 337 3035 Ποσειδάων
358 2958 532 3047 Ιἐπέλασσε,
557 2961 696 3053 πέτρῃσι
716 2962 893 3054 μεγάλῃσι,
917 2957 948 3029 εί
968 2961 1026 3029 καὶ
1046 2957 1142 3041 lotor
1163 2960 1305 3047 λέγεται,

141 3062 212 3136 ἀλλ’
233 3065 325 3154 ὅμως
344 3063 411 3151 iicet
429 3064 524 3151 τάξιν
545 3068 778 3159 ἐπιθετικήνίί.
813 3070 900 3153 πρὸς
914 3076 945 3137 Γ
942 3074 1036 3157 υραῖς
1057 3064 1211 3136 ἀπέθανε
1229 3071 1307 3136 Phi-

139 3175 230 3245 lostr.
245 3177 312 3243 her.
335 3185 405 3247 707.
439 3177 539 3245 Vicus
561 3174 701 3257 Παλαιιί
724 3180 829 3248 Strab.
844 3179 920 3246 ΧΠΙ
934 3186 1005 3248 614.
1027 3185 1095 3258 568,
1117 3201 1159 3244 sc.
1174 3175 1305 3242 παλαιὰ

139 3277 232 3370 κώμη
253 3283 329 3351 XIV
350 3289 419 3355 683.
460 3285 585 3352 Eodem
605 3289 747 3372 pertinet
770 3289 833 3353 hoc
855 3285 1057 3374 grammatici
1077 3285 1308 3353 testimonium.

139 3391 251 3479 Steph.
278 3390 353 3478 Byr.
396 3384 529 3479 Ἀγαθη
559 3387 660 3471 πόλις
685 3389 825 3478 Λιγύων
851 3386 876 3480 ἢ
900 3392 1046 3458 Κελτῶν.
1094 3386 1244 3475 Σκύμνος
1271 3388 1308 3458 δὲ

144 3493 312 3579 Φωκαέων
336 3491 438 3586 αὐτήν
464 3521 566 3588 φησιν
590 3496 625 3565 ἐν
649 3503 689 3590 τῇ
710 3495 861 3589 Εὐρώπῃ.
909 3496 1121 3586 Τιμοσθένης
1148 3496 1184 3564 δέ
1206 3495 1241 3564 ἐν
1260 3503 1308 3585 τῷ

140 3603 334 3691 σταδιασμηῖ
349 3598 595 3693 ἇμαθὴντύχην
610 3600 714 3694 αὐτήν
736 3626 849 3695 φησιν·
872 3600 905 3671 εί
928 3599 960 3671 δ’
986 3602 1109 3684 οὕτως
1129 3603 1306 3688 λέγοιτο,

139 3708 207 3781 καί
230 3703 396 3795 ὀξύνοιύ
425 3705 465 3777 ot
487 3708 536 3790 ὡς
554 3709 804 3794 ἐπιθετικόν,
836 3705 882 3793 ὥς
905 3711 943 3778 τὸ
963 3707 1103 3800 Ἡραῖον
1124 3715 1229 3794 τεῖχος
1250 3712 1307 3778 καί
1319 3729 1389 3799 (305)

133 3813 289 3904 Ἥραιον,
314 3817 372 3896 καί
389 3815 544 3902 Ἑρμαῖος
565 3816 673 3908 λόφος
693 3819 750 3886 καὶ
763 3818 923 3907 Ἕρμαιος
931 3821 984 3887 ²⁰⁸.

221 3924 260 3991 In
284 3926 371 3999 huno
401 3927 501 4014 igitur
530 3929 675 3995 ordinem
705 3930 785 3994 mihi
816 3929 1020 3995 referendum
1050 3928 1176 3995 videtur
1207 3921 1305 3994 Αίπύ
1325 3937 1373 3988 294

142 4033 241 4117 (quod
263 4033 309 4099 sic
335 4035 421 4118 apud
442 4034 635 4102 Strabonem
661 4058 792 4120 quoque
817 4037 935 4122 legisse
960 4036 978 4101 l.
1001 4034 1079 4109 VIII
1100 4035 1309 4109 Eustathium

205 4200 245 4241 ²⁰⁸
264 4197 340 4253 Haec
361 4197 460 4252 ultima
477 4197 516 4253 sic
533 4199 630 4268 scripsi
647 4202 679 4255 ut
697 4199 774 4256 edita
791 4203 863 4258 sunt.
897 4199 970 4256 Oh‘m
992 4199 1092 4271 longae
1111 4199 1308 4270 disputationis

140 4298 234 4351 eneam
245 4281 427 4352 praebebunt.
454 4281 629 4338 Herodianus
641 4285 688 4355 (ad
701 4288 730 4340 N
742 4286 802 4356 ⁷91)
815 4273 1022 4355 vult‘Xprsouoc
1034 4285 1133 4353 λόφος,
1152 4284 1228 4353 quod
1239 4281 1308 4336 mihi

139 4364 240 4434 ielscpr
255 4365 374 4435 videtur.
402 4365 530 4436 (Memini
547 4383 643 4423 eorum
660 4386 733 4438 quae
751 4369 827 4424 dicte
844 4371 910 4423 sunt
929 4369 965 4423 ad
983 4367 1101 4423 Philoct.
1122 4368 1206 4438 144⁶.)

190 4452 297 4506 helin,
309 4452 442 4494 atrocior.
1068 4455 1099 4506 19
