3046 4980
224 319 264 383 38
316 311 351 365 ΙΙ.
369 310 410 366 De
428 307 605 366 Aristarchea
622 309 820 366 vocabulorum
838 306 1047 364 Homericorum
1064 309 1305 381 intorprehaiioue.

224 502 357 563 ροντοςτ
379 472 411 567 (ἡ
437 477 553 567 διπλῇ)
576 472 690 545 ὅτιτὸ
717 481 790 544 τοῖο
813 471 874 544 οὐκ
895 471 982 544 ἔστιν
1003 471 1147 563 άγαθοδ,
1171 473 1217 557 ὦς
1237 474 1270 546 ci
1292 478 1395 564 γλωσ-

223 582 404 672 σογράφοι,
434 579 522 652 άλλὰ
549 589 787 668 θαυμαστικῶς
811 584 960 654 τοιούτου
985 587 1039 670 (cf.
1065 587 1132 653 sch
1151 587 1202 672 B).
1225 627 1265 635 -
1287 590 1315 649 Σ
1335 594 1395 658 378

224 685 256 759 οἱ
272 688 301 758 δ’
319 687 393 781 ἤτοι
407 690 527 761 τόσσον
540 691 601 778 μέν
615 689 689 776 iicon
703 691 807 773 τέλος,
834 685 937 760 οίίατα
954 688 982 759 δ’
1000 687 1094 761 οίίπω
1111 687 1275 760 δαιδάλεα
1289 715 1396 776 προσ-

223 797 348 868 έκειτοι
380 793 500 869 τόσσον
526 799 602 884 μέν·
635 799 688 896 ὅτι
717 799 775 868 έπί
800 805 865 867 τῶν
886 799 979 890 παρὰ
999 800 1118 886 μικρὸν
1137 799 1395 886 τετελειωμένων

224 904 328 986 οὕτως
349 905 450 994 λέγει·
473 900 538 988 ,,δς
556 908 595 977 τὸ
617 907 677 993 μὲν
699 907 784 976 άλλο
806 907 903 977 τόσον
925 910 1040 998 φοίνιξ
1057 901 1122 999 ἦν“
1144 913 1193 993 (Ψ
1210 915 1299 995 454),
1318 913 1397 996 ,τοῦ

225 1013 341 1083 δὲκαὶ
362 1011 448 1082 άλλο
469 1009 571 1085 τόσον
591 1013 654 1100 μέν
674 1012 727 1098 ihs
745 1012 851 1099 χρόακ
873 1019 921 1102 (Χ
941 1022 1024 1103 322).
1071 1019 1110 1084 A.
1141 1011 1172 1082 σί
1195 1014 1232 1082 δέ
1251 1017 1394 1102 γλωσσο-

224 1119 349 1212 γράφοι
370 1120 470 1191 τόσον
491 1117 565 1192 άντί
585 1128 645 1192 τοῦ
665 1123 705 1190 τὸ
725 1128 830 1208 σῶμα.
865 1125 906 1195 V.
922 1125 960 1192 cf.
984 1125 1092 1192 schB
1115 1125 1196 1192 etv
1216 1127 1256 1192 ad
1276 1130 1313 1190 X
1325 1131 1395 1194 322.

226 1235 259 1296 Ψ
279 1240 347 1301 454.
369 1275 408 1284 -
430 1236 462 1297 Λ
483 1239 543 1302 315
566 1236 668 1323 γῆρας
690 1228 838 1316 δμοίιόνι
860 1228 913 1298 ὅτι
933 1226 965 1300 ci
985 1226 1240 1320 γλωσσογράφοι
1262 1226 1396 1315 ὁμοίιον

220 1338 259 1407 τὸ
281 1335 395 1407 κακόν.
438 1342 485 1410 cf.
508 1342 599 1409 Eust.
620 1366 650 1427 p.
673 1349 747 1423 476,
768 1349 817 1410 44.
838 1379 879 1390 -
900 1346 921 1405 Ι
940 1349 1000 1411 540
1022 1331 1060 1419 ὃς
1079 1345 1159 1429 (σῦς)
1185 1338 1273 1406 κακδι
1294 1335 1393 1408 πόλλ’
1486 1357 1491 1364 ·

221 1444 372 1535 ἔρδεσκεν
392 1443 483 1517 έθων
514 1443 632 1537 Οίνῐγος
658 1442 786 1537 άλωήνε
818 1445 870 1514 ὅτι
898 1443 930 1515 σί
957 1444 1214 1538 γλωσσογράφοι
1237 1447 1276 1516 τδ
1303 1445 1396 1516 ἔθων

223 1551 429 1623 ἀποδιδόασι
442 1553 614 1642 βλάπτων·
636 1550 706 1623 έστι
724 1552 760 1622 δέ
774 1552 812 1635 ἐξ
831 1550 934 1634 ἔθους
954 1553 1151 1646 ἐπιφοιτῶν.
1172 1599 1212 1609 -
1233 1561 1268 1622 Κ
1281 1565 1321 1626 56
1343 1555 1396 1623 έλ-

223 1667 298 1731 θεῖν
319 1661 353 1742 ές
368 1660 526 1755 φυλάκων
545 1658 639 1749 ἱερὸν
652 1660 766 1741 τέλοςε
787 1662 840 1730 ὅτι
862 1658 894 1730 οί
914 1659 1171 1754 γλωσσογράφοι
1191 1659 1281 1751 ἱερὸν
1300 1662 1397 1744 τέλος

220 1771 259 1840 τὸ
280 1770 366 1858 μέγα
387 1767 505 1856 τάγμα.
528 1811 568 1821 -
589 1776 619 1836 Ρ
632 1780 689 1840 151
714 1769 788 1838 ἐπεὶ
805 1764 1007 1860 Σαρπηδόν’,
1031 1769 1101 1856 δίμα
1116 1773 1221 1853 ξεῖνον
1235 1769 1292 1838 καί
1306 1767 1397 1838 ἑταῖ-

221 1905 280 1968 ρον
300 1875 464 1958 κάλλιπες
479 1872 683 1964 Ἀργείοισιν
711 1876 796 1971 έλωρ
826 1878 883 1946 καί
910 1881 1016 1965 κύρμα
1041 1877 1217 1966 γενέσθαιε
1244 1877 1267 1968 ἦ
1292 1880 1397 1969 διπλῆ

223 1984 276 2057 ότι
297 1988 338 2054 τὰ
356 1982 479 2074 έλαίρια
503 1991 553 2071 (A
573 1993 605 2074 4)
630 1982 689 2054 οὐκ
713 1971 792 2054 ἔστι
803 1983 981 2074 βρώματα,
1004 1981 1051 2067 ὡς
1072 1982 1104 2054 οἱ
1125 1985 1394 2079 γλωσσογράφοι,

181 2107 183 2113 “
222 2091 294 2162 ἀλλ’
318 2088 514 2180 ἓλκόσματα.
547 2134 585 2144 -
610 2097 641 2160 Ω
667 2102 727 2165 367
750 2090 781 2185 (ἦ
806 2095 921 2184 διπλῆ)
950 2091 1003 2162 ὅτι
1021 2088 1060 2162 οὐ
1082 2091 1216 2175 πάντως
1235 2092 1396 2182 βρώματα

156 2210 211 2276 (45)
221 2202 263 2270 τδι
283 2199 433 2282 ὀνείατα,
464 2198 509 2282 ιός
531 2197 563 2269 σί
585 2199 857 2291 γλωσσογράφοι,
890 2199 976 2270 ἀλλὰ
997 2197 1107 2270 πάντα
1128 2203 1170 2271 τὰ
1192 2195 1306 2290 όνησίν
1321 2227 1396 2270 τινα

220 2315 477 2398 περιποιοῦντα,
500 2305 545 2390 ὡς
566 2314 622 2377 νῦν
648 2309 689 2377 τὰ
719 2313 819 2397 δῶρα.
842 2354 881 2363 -
912 2316 946 2376 Ψ
965 2319 1024 2382 661
1052 2301 1080 2400 ᾦ
1106 2306 1193 2378 δέκ’
1219 2305 1397 2378 Ἀπόλλων

222 2412 291 2508 δρίη
314 2414 517 2506 καμμονίηνε
540 2415 591 2486 δτι
614 2411 675 2484 οὐκ
696 2412 785 2486 ἔστιν
803 2412 838 2486 ἓν
860 2413 937 2485 ἀνθ’
962 2415 1035 2498 ἑνὸς
1056 2415 1223 2507 καμμονίη
1245 2414 1328 2508 νίκη,
1352 2411 1398 2497 ὡς

222 2522 255 2593 σί
275 2523 550 2618 γλωσσογράφοι,
579 2519 652 2591 ἀλλ’
681 2520 705 2614 ἡ
731 2522 767 2593 έκ
788 2526 926 2593 πολλῶν
948 2531 979 2611 (L
1000 2532 1201 2618 καταμονῆς,
1224 2553 1253 2595 v.
1274 2529 1340 2599 soh
1362 2532 1400 2593 X

222 2640 304 2718 257).
335 2633 389 2701 διὸ
420 2632 477 2701 έπί
500 2631 649 2720 δρομέων
680 2627 718 2701 οὐ
740 2634 867 2714 τάσσει,
900 2629 972 2700 ἀλλ’
1001 2633 1058 2702 ἐπὶ
1083 2639 1148 2701 τῶν
1171 2629 1397 2704 πυκτευόντων

220 2742 277 2809 καί
300 2738 577 2826 μονομαχούντων
607 2747 656 2827 (Χ
674 2745 762 2827 257)
789 2737 852 2824 μία
874 2744 906 2826 (l.
927 2741 1024 2830 μετὰ)
1053 2742 1115 2830 γὰρ
1137 2748 1334 2834 καταμονῆς.
1355 2785 1397 2795 -

219 2857 258 2916 Π
276 2858 337 2922 822
360 2849 522 2940 δούπησεν
551 2849 588 2917 δὲ
608 2848 738 2918 πεσώνι
767 2844 820 2916 ότι
848 2847 885 2916 ἐκ
911 2854 975 2916 τῶν
1003 2853 1161 2919 τοιούτων
1189 2848 1396 2935 άπεδέξαντο

220 2954 253 3026 oi
268 2954 526 3049 γλωσσογράφοι
539 2957 577 3026 τὸ
593 2961 757 3048 δουπῆσαι
772 2952 809 3026 ἓν
827 2950 906 3024 ἀνθ’
924 2952 998 3038 ἑνὸς
1019 2953 1091 3026 άντί
1110 2965 1169 3027 τοῦ
1191 2952 1396 3028 άποθανεῖν·

221 3062 377 3153 άγνοοῦσι
397 3063 432 3134 δὲ
447 3063 497 3134 ὅτι
512 3060 573 3134 οὐκ
592 3063 650 3133 έπί
669 3065 796 3144 παντὸς
815 3063 965 3133 θανάτου
986 3060 1102 3135 τάσσει
1121 3066 1180 3157 τὴν
1201 3064 1299 3150 λέξιν,
1321 3063 1395 3135 ἀλλ’

220 3173 353 3243 ἐπὶτῶν
369 3172 403 3241 ἔν
424 3171 564 3261 πολέμῳ
579 3170 770 3240 πιπτόντων
785 3173 840 3242 διὰ
856 3173 914 3243 τδν
935 3175 1258 3261 παρακολουθοῦτπα
1279 3170 1398 3268 ψόφον

220 3281 338 3350 ἐκτῶν
354 3279 479 3349 ὅπλων.
515 3284 639 3350 Eadem
653 3307 704 3350 res
726 3284 777 3349 bis
798 3289 963 3370 praeterea
984 3285 1116 3363 monita,
1140 3288 1178 3350 N
1187 3293 1256 3355 426.
1284 3290 1398 3356 usura.

220 3430 260 3440 -
288 3392 460 3458 Praeterea
489 3392 660 3477 quinquies
690 3393 787 3458 iidem
817 3392 1043 3480 glossographi
1064 3395 1182 3472 notati,
1210 3397 1297 3480 quod
1318 3418 1397 3460 ποι-

220 3498 333 3566 πνέειν
354 3524 411 3586 per
434 3498 600 3565 διακονεῖν
623 3501 675 3583 (ad
697 3495 730 3567 Ξ
751 3502 838 3583 155),
868 3495 999 3585 πρόμος
1019 3523 1077 3587 pcr
1096 3497 1252 3585 βασιλεύς
1273 3506 1317 3587 (Γ
1335 3507 1398 3587 44),

218 3600 352 3691 μάσταξ
377 3629 435 3692 per
463 3599 558 3689 ἀκρίς
584 3608 617 3691 (Ι
635 3610 723 3691 324),
747 3599 885 3695 άφήτωρ
911 3630 970 3694 per
998 3604 1161 3698 στροφεές
1187 3612 1287 3695 (quod
1313 3612 1399 3678 idem

221 3717 422 3782 Zenodoium
439 3737 597 3800 peccasse,
618 3718 638 3777 I
651 3717 734 3798 464),
755 3707 910 3798 βράσσων
923 3738 981 3801 per
995 3713 1142 3783 ἐλάσσων
1156 3719 1265 3798 (verbo
1279 3720 1400 3805 βραχύς

220 3844 379 3906 nusquam
408 3821 585 3888 Homerum
612 3823 673 3903 uti,
704 3827 737 3886 K
760 3825 834 3906 226)
865 3825 1123 3910 explicuerint.²¹
1167 3823 1220 3892 sic
1246 3828 1396 3896 ludorum

287 4023 312 4062 21
330 4020 367 4074 Hi
386 4019 437 4074 soli
455 4019 525 4075 certi
542 4022 607 4075 suni
626 4021 777 4077 Aristonici
800 4022 855 4078 loci
873 4024 908 4079 de
929 4024 1142 4095 glossographis.
1184 4027 1265 4082 Idem
1283 4046 1351 4083 usus
1367 4028 1398 4082 in

223 4103 365 4172 Apollonii
382 4103 434 4159 lex.
453 4104 532 4158 Hom.
550 4105 636 4170 venit,
655 4106 759 4176 partim
776 4106 874 4162 iisdem
891 4107 921 4162 in
939 4110 1089 4175 vocabulis,
1107 4127 1225 4179 quorum
1236 4111 1266 4167 in
1278 4113 1397 4184 explica

222 4189 299 4244 tione
318 4189 409 4243 adhuc
427 4189 457 4243 in
474 4188 586 4242 scholiis
602 4189 786 4246 Aristarcheis
804 4196 928 4262 apparet,
948 4211 974 4248 v.
988 4185 1117 4264 άφητωρ,
1135 4195 1264 4253 ὀνείατα.
1300 4197 1397 4253 Eusta-

181 4280 212 4331 38
225 4273 300 4328 thius
317 4291 392 4328 nunc
404 4273 514 4328 eosdem
526 4273 738 4344 glossographos
756 4275 835 4342 dixit,
858 4293 892 4332 ex
909 4277 1020 4333 scholiis
1041 4277 1143 4334 nostris
1165 4280 1303 4345 hauriens,
1321 4301 1398 4338 nunc

223 4359 258 4413 ab
278 4359 423 4413 Athenaeo
438 4360 568 4413 mutuans
592 4361 620 4412 ch
636 4358 840 4431 lexicographis
854 4361 1003 4431 Ameriam,
1029 4363 1206 4432 Hermonem,
1227 4364 1398 4422 Clitarchum
