3008 4980
279 349 321 406 De
339 349 544 406 commentariis
561 348 678 421 Apionis
696 352 725 405 et
741 347 877 404 Herodoti
893 348 1005 405 nomine
1024 349 1171 421 inscriptis.
1248 358 1308 420 365

221 518 311 584 Eusi
330 522 361 582 B
382 525 442 587 765
463 543 493 604 p.
515 524 583 599 341,
607 525 622 586 1
900 518 1020 585 Herod.
1044 521 1074 582 B
1096 525 1156 587 765
1325 531 1372 582 371

140 618 173 688 oi
203 621 318 706 μέντοι
348 623 413 712 πρὸ
441 618 556 710 ὀλίγου
584 620 705 712 ῥηθέν·
746 617 886 702 οίέτεας;
907 618 1167 711 ῶςΔιομήδεας.
1190 619 1310 690 έστιδέ

138 753 193 808 τες
213 730 435 816 γραμματικοί
455 734 574 820 (Apion
590 737 623 798 et
636 733 704 798 He·
745 730 802 798 καί
818 729 875 798 ὀπί
889 728 1006 799 τούτου
1019 735 1077 797 τοῦ
1086 735 1310 819 σχηματισμοῦ

138 841 286 923 rodorus)
321 833 514 928 ἀπηλεγέως
548 835 704 926 κατακρί-
745 832 940 925 παράλογος
975 834 994 906 ὁ
1023 838 1131 917 τόνος·
1168 837 1210 905 τὰ
1247 838 1308 922 γὰρ

140 969 232 1012 νουσι
251 945 288 1013 τό
305 941 432 1027 οἰέτεας
447 942 490 1026 ῶς
503 944 704 1032 παραλόγους
744 945 837 1031 παρὰ
858 945 900 1012 τδι
919 941 967 1025 είς
989 971 1026 1027 ος
1047 942 1189 1034 λήγοντα
1213 940 1250 1013 οό
1275 949 1308 1031 (l.

138 1049 474 1140 προπαροξυνόμενον
487 1052 636 1141 λέγοντες
651 1051 702 1121 ότι
745 1048 915 1141 οὐδέτερα)
943 1050 1128 1137 δισύλλαβα
1154 1050 1309 1119 συντιθέ-

137 1161 180 1227 τὰ
199 1157 246 1240 είς
268 1187 304 1242 ος
326 1156 483 1250 οὐδέτερα
503 1158 699 1247 δισύλλαβα,
743 1186 827 1246 μενα
841 1155 889 1241 είς
902 1185 941 1250 ής
961 1158 1104 1248 λήγοντα
1127 1159 1308 1228 έπιθετικὰ

138 1273 303 1336 ποιοῦντα
338 1267 518 1337 έπιθετικὰ
558 1265 702 1336 σύνθετα
743 1268 790 1357 μή
825 1264 939 1350 έόγοντοι
973 1268 1012 1336 τὸ
1043 1294 1063 1356 ή
1096 1267 1162 1354 πρὸ
1193 1264 1309 1346 τέλους
1392 1314 1393 1317 ¹

139 1371 186 1455 είς
212 1401 251 1465 ής
278 1370 436 1465 λήγοντα,
467 1376 502 1444 ἐν
530 1372 622 1468 ὀξείᾳ
643 1372 702 1443 τοί-
744 1371 853 1442 πύντα
880 1369 1045 1457 ὀξύνεται,
1078 1369 1224 1461 εὐγενής,
1254 1370 1308 1441 εύ-

139 1505 191 1550 σει
212 1479 340 1566 έγουσιν
366 1478 463 1550 αι’-τό·
492 1483 587 1572 γένος
611 1479 702 1571 εύγε-
743 1479 858 1574 κλεής,
884 1477 1023 1572 εόειδής.
1064 1480 1168 1561 οότιυς
1194 1481 1231 1549 δέ
1252 1481 1310 1548 καί

138 1584 206 1678 νής,
229 1589 327 1670 κλέος
348 1586 492 1680 εόκλεής,
516 1589 628 1672 θύλος
649 1587 702 1660 εύ-
744 1587 897 1682 εύτειχής.
920 1589 1016 1681 έχρήν
1030 1588 1090 1675 μέν
1111 1582 1169 1658 οὖν
1190 1589 1246 1657 καί
1266 1590 1308 1656 τδι

140 1695 258 1788 θαλής.
301 1697 398 1790 ἐχρήν
424 1693 496 1781 σίν,
523 1697 622 1790 φασί,
645 1699 702 1768 καί
744 1699 837 1787 παρδι
866 1699 903 1768 τδ
931 1694 1005 1777 έτος
1024 1695 1063 1767 τὸ
1080 1692 1165 1765 ἀὐτὸ
1187 1693 1308 1766 ’ἀναδέ-

139 1805 214 1894 περί
240 1805 278 1875 τὸ
307 1802 380 1886 έτος
407 1802 506 1877 ταύτὸ
536 1805 699 1895 γίνεσθαι.
741 1813 880 1891 χεσθαι,
911 1804 981 1873 νυνί
1007 1805 1043 1873 δέ
1064 1805 1149 1872 κατὰ
1170 1810 1308 1895 βαρεῖαν

139 1908 400 2002 ἀναγινώσκουσι
415 1914 523 1983 δὲκαὶ
542 1916 580 1985 τὸ
603 1911 698 2000 ἑξέτε’
741 1913 836 1984 τάσιν
850 1909 1141 2001 ἀναγινώσκουσιν,
1159 1907 1231 1980 ἀλλ’
1251 1908 1307 1981 ού-

139 2016 286 2112 ύδμήτήν
304 2026 357 2112 (Ψ
369 2026 446 2111 266>
469 2019 701 2113 παροξυτόνως
743 2023 780 2092 δέ
793 2028 890 2091 τούτο
905 2019 1011 2090 πόλιν
1026 2023 1221 2101 καθολικῶς
1241 2016 1307 2088 σώ-

139 2126 246 2212 έξετέα
268 2127 313 2210 ῶς
333 2125 479 2216 εύσεβέα.
744 2133 861 2215 ζοντες,
878 2129 987 2215 ἓξετέα
996 2129 1056 2219 γὰρ
1069 2124 1219 2218 ἀδμήτην
1229 2124 1308 2196 ὀνα-

743 2239 959 2328 γινώσκουσιν
981 2236 1027 2318 ῶς
1048 2232 1196 2322 εύσεβέα.

210 2455 303 2525 Eust.
325 2461 345 2522 Ι
363 2465 423 2527 516
444 2482 474 2548 p.
496 2466 565 2541 769,
587 2467 626 2528 25
907 2457 1027 2523 Herod.
1048 2459 1069 2520 I
1088 2461 1148 2524 516

137 2561 194 2628 καί
213 2586 317 2653 φασιν
331 2558 459 2630 Ἀπίων
480 2560 699 2652 καίἩρόδω-
743 2561 839 2651 έχρήν
861 2563 911 2649 δέ,
934 2557 965 2628 εί
984 2561 1079 2648 παρὰ
1101 2559 1139 2628 τό
1162 2553 1308 2649 ζοίφελος

137 2694 194 2754 ρος
218 2666 272 2738 ότι
297 2669 334 2738 τὸ
359 2665 503 2761 ζόφελος
523 2697 700 2761 προπαρο·
742 2668 864 2757 γέγονε,
886 2669 943 2737 καί
959 2667 1112 2758 ζαφέλως
1127 2662 1219 2757 ήμᾶς
1233 2661 1307 2734 ἅνε-

137 2772 264 2858 ξύνεται
290 2775 378 2868 λόγῳ
405 2775 559 2871 τοιούτῳ·
590 2780 630 2848 τδι
653 2777 701 2863 είς
741 2777 902 2866 γνωκέναι
915 2768 1138 2865 βαρυτόνωςή
1149 2773 1206 2841 καί
1221 2772 1307 2841 ἐκεῖ·

138 2908 173 2964 ος
194 2883 338 2976 λήγοντα
362 2888 456 2976 παρὰ
481 2888 518 2958 τὸ
550 2890 589 2970 ζα
614 2915 699 2978 προ·
741 2911 778 2954 νο
802 2880 871 2953 κατ’
895 2879 970 2966 ὀξὺν
991 2880 1229 2972 προφέρεσθαι
1249 2877 1306 2950 τό·

136 2989 388 3082 παροξύνονται,
403 2993 536 3080 ζύθεος,
550 2993 697 3080 ζύκοτος.
741 3019 806 3064 νον.
844 2988 932 3060 ἀλλὰ
952 2987 1085 3081 μήποτε
1104 2989 1143 3059 τὸ
1164 2988 1225 3074 μέν
1248 2985 1305 3070 ζό·

136 3100 172 3168 τὸ
210 3099 247 3168 δέ
287 3102 438 3194 ζαφελῶς
477 3111 695 3194 περισπᾶται,
740 3101 844 3192 φελος
888 3093 1177 3190 προπαροξύνεται
1219 3097 1305 3186 λόγῳ

137 3205 209 3275 ἐπεὶ
238 3209 280 3276 τὰ
314 3207 361 3292 είς
392 3214 458 3294 λως
487 3209 698 3304 ἐπιρρήματα
739 3205 891 3298 τοιούτῳ,
915 3204 960 3288 ῶς
973 3206 1015 3274 τὰ
1038 3201 1086 3287 είς
1106 3231 1144 3286 ος
1162 3200 1306 3294 λήγοντα

135 3314 394 3408 παραλήγόμενα
425 3327 473 3410 τῷ
508 3347 523 3388 ε
561 3317 607 3403 ῶς
642 3320 699 3389 έπί
740 3313 933 3404 συγκείμενα
966 3314 1059 3401 παρὰ
1087 3313 1125 3381 τὸ
1153 3312 1192 3393 ζα
1220 3336 1306 3400 προ·

135 3426 289 3494 πλεῖστον
324 3429 418 3518 φιλεῖ
449 3434 696 3513 περισπᾶσθαι,
739 3420 970 3511 παροξύνεται,
996 3417 1129 3505 ζόθεος,
1153 3415 1387 3508 ζύκοτος·(689)

137 3522 207 3600 οἷον
220 3528 367 3617 εὐτελῶς,
385 3535 561 3624 ἐπιμελῶς,
579 3528 631 3618 οἷς
641 3537 698 3605 καί
741 3529 844 3612 οὕτως
863 3529 1015 3623 ζύφελος.
1037 3529 1075 3599 τὸ
1099 3527 1136 3596 δέ
1156 3528 1308 3617 ζαφελῶς

135 3639 171 3725 τὸ
195 3639 347 3733 ζαφελῶς
368 3644 593 3732 συνεξέδραμε.
740 3644 962 3728 περισσόται,
995 3637 1069 3706 ἐπεί
1096 3635 1138 3702 τὰ
1165 3632 1222 3702 διὰ
1247 3639 1307 3701 το”

740 3748 807 3829 λως
821 3747 1030 3839 έπιρῥήματα
1044 3740 1305 3833 παραλήγόμευα

739 3860 787 3944 τῷ
807 3881 822 3922 ε
843 3853 889 3937 ὡς
909 3853 967 3923 ἐπὶ
986 3854 1025 3923 τὸ
1040 3854 1198 3921 πλεῖστον
1213 3852 1308 3940 φιλεῖ

738 3969 986 4052 περισπᾶσθαι,
1011 3960 1164 4042 ἐντελῶς,
1189 3958 1305 4044 ἐπιμε-

740 4071 817 4153 λῶς,
847 4062 898 4152 οἷς
923 4070 980 4138 καί
1000 4069 1038 4140 τὸ
1059 4070 1212 4160 ζαφελῶς
1232 4091 1305 4134 συν-

740 4178 907 4266 εξέδραμε.
954 4171 1152 4268 πρόσκειται
1178 4171 1223 4255 ῶς
1248 4172 1306 4241 ε’πί

738 4286 777 4354 τὸ
807 4288 964 4355 πλεῖστον
995 4281 1052 4354 διὰ
1077 4285 1116 4354 τό
1143 4278 1300 4371 εύιραπέ-
1321 4307 1369 4357 372

740 4394 815 4474 λως,
839 4390 965 4474 ἰκέλους.
