3008 4980
180 325 201 378 1.
221 318 293 387 Quid
311 320 376 376 ante
394 319 584 376 Aristarchum
603 318 632 374 in
650 320 703 376 hac
721 320 868 390 interpret.
887 319 1053 391 praestitum
1070 320 1206 378 videatur.
1240 327 1280 389 43

109 485 257 571 ἔχοντος·
284 483 397 574 ἀγνοεῖ
416 485 450 554 δέ
471 481 517 566 ὡς
544 482 581 555 οὗ
608 489 658 554 δεῖ
683 483 753 555 circei
778 493 844 554 τῶν
874 482 1012 577 ἀφανῶν
1038 493 1218 556 ποιεῖσθαι
1238 487 1279 559 τὰ

111 591 266 665 ἐπίθετα.
310 599 403 677 Quod
433 599 486 663 hic
513 621 604 663 suam
623 621 730 664 rerum
755 598 951 664 naturalium
973 601 1139 666 scientiam
1160 605 1280 667 temere

111 707 284 774 inculcavit
304 707 457 787 Homer0,
474 706 559 771 idern
582 707 644 771 dici
667 707 763 772 debet
785 706 823 772 de
837 709 949 783 κῶιιες
963 708 1097 790 (Aelian.
1112 708 1153 775 H.
1168 710 1207 775 A.
1221 707 1282 773 XV

113 813 517 901 28<Athen.1X3910>)‚
544 814 579 877 in
606 836 670 898 quo
699 815 806 879 minus
833 815 942 900 inepte
971 815 1027 880 sed
1054 817 1131 881 artis
1154 817 1281 882 criticae

110 924 232 1010 regulis
251 945 318 987 non
339 922 442 1008 magis
465 922 692 987 convenienter
714 921 789 1007 egit.
831 920 908 987 Non
932 924 1147 990 desideramus
1176 924 1282 1008 plura:

113 1054 195 1115 quae
214 1031 241 1097 si
264 1030 485 1097 desiderabilia
506 1032 621 1110 essent,
643 1033 767 1095 servata
786 1029 977 1096 haberemus
993 1033 1033 1097 ab
1048 1032 1281 1097 Alexandrinis.

110 1139 200 1226 Ergo
231 1139 272 1204 ad
300 1138 478 1203 Homerum
509 1138 733 1222 explicandum
764 1137 910 1202 attulisse
945 1138 1161 1219 Aristotelem,
1196 1140 1283 1223 quod

112 1247 249 1312 doctiori
270 1268 348 1311 aevo
370 1244 505 1310 alicuius
519 1245 676 1310 momenti
693 1245 862 1324 videretur,
883 1268 943 1311 neo
965 1246 1119 1331 exempla,
1140 1269 1221 1331 quae
1243 1246 1283 1310 ad

111 1377 242 1421 manum
271 1357 358 1433 sunt,
384 1376 444 1418 nec
474 1353 765 1419 Alexandrinorum
796 1353 958 1420 silentium
993 1355 1120 1419 credere
1154 1352 1282 1440 patitur.

111 1463 177 1530 Sed
191 1462 273 1526 nihil
287 1462 315 1526 si
335 1461 472 1527 dicerem
493 1484 532 1526 ex
553 1461 622 1526 eins
636 1465 895 1545 sectatorumque
917 1461 1031 1526 studiis
1053 1462 1094 1527 ad
1107 1462 1282 1528 multorum
1294 1470 1347 1541 (51)

111 1571 283 1637 verborum
296 1569 547 1654 intelligentiam
559 1568 765 1648 redundasse,
785 1569 945 1634 immerito
961 1570 1165 1654 copiosomm
1178 1571 1283 1636 homi·

112 1701 191 1744 num
221 1678 386 1743 laboribus
413 1677 633 1742 obtrectarem.
675 1673 752 1742 Non
772 1677 910 1741 multum
930 1677 1037 1742 tribuo
1061 1678 1284 1763 etymologicis

112 1786 237 1869 studiis,
259 1786 298 1850 de
321 1785 437 1869 quibus
460 1785 570 1850 Cicero
590 1784 687 1850 Acad.
707 1787 792 1867 post.
812 1782 875 1863 18,
897 1789 950 1851 32:
972 1786 1169 1865 „Verborum
1188 1786 1285 1851 etiam

113 1892 284 1978 explicatio
306 1893 505 1976 probabatur
526 1893 581 1973 (sc.
598 1891 798 1956 Academicis
821 1891 982 1957 veteribus
1004 1896 1037 1958 et
1050 1891 1284 1978 Peripateticis)

112 2001 134 2066 i.
156 2024 183 2068 e.
205 2023 269 2085 qua
296 2000 334 2066 de
357 2022 454 2065 causa
475 2021 622 2084 quaeque
652 2002 760 2064 essent
780 1999 826 2064 ita
847 1999 1025 2078 nominata,
1054 2025 1150 2086 quam
1170 1998 1285 2083 ἰσομο-

114 2102 230 2191 ίοχίαν
244 2108 479 2193 appellabant.“
516 2105 602 2172 Nam
615 2128 673 2190 per
695 2127 823 2171 omnem
844 2106 1069 2191 antiquitatem
1090 2131 1162 2173 cum
1182 2131 1285 2193 paene

113 2217 195 2281 nihil
216 2217 286 2281 sani
308 2215 453 2281 attulerit
475 2213 670 2300 etymologia
692 2216 761 2279 tum
782 2213 838 2279 illa
860 2216 1021 2297 quaesti0,
1044 2217 1078 2280 in
1100 2239 1163 2300 qua
1184 2216 1284 2300 ipsius

113 2323 298 2389 Aristotelis
326 2326 433 2408 partes
461 2322 548 2387 haud
575 2321 706 2406 exiguas
734 2321 834 2387 fuisse
855 2321 1045 2408 fragmentis
1067 2323 1285 2407 cognovimus,

115 2424 213 2517 φύσει
228 2453 270 2495 an
283 2422 374 2515 νόμην
388 2431 485 2495 rebus
499 2429 651 2514 imposita
671 2429 736 2494 sint
750 2429 890 2506 nomina,
913 2430 954 2494 ad
969 2429 1148 2496 doctrinam
1162 2451 1285 2516 augen-

114 2539 190 2605 dam
209 2539 342 2606 inutilis.

196 2644 341 2711 Fuerunt
354 2645 389 2710 in
411 2647 522 2711 eadem
542 2643 654 2710 schola
675 2644 810 2710 subtiles
830 2644 1060 2710 vocabulorum
1082 2645 1285 2711 definitiones

116 2758 148 2819 et
168 2753 390 2820 distinctiones
411 2752 579 2832 (virtutum
592 2753 730 2818 maxime
744 2753 981 2836 vitiorumque),
1004 2752 1132 2837 qualem
1152 2753 1193 2817 ab
1211 2752 1285 2816 Ari·

116 2865 251 2927 stoxcno
278 2860 415 2926 servavit
435 2861 627 2927 Ammonius
654 2863 697 2944 (p.
721 2863 766 2943 5):
793 2852 896 2934 αἰδώς
916 2856 973 2923 καί
995 2852 1126 2946 αἰσχύνη
1148 2897 1189 2905 -
1212 2858 1286 2922 δια-

116 2967 245 3035 στέλλει
262 2964 299 3033 δὲ
309 2961 536 3054 Ἀριστόξενος
558 2963 576 3032 ὁ
597 2963 759 3050 μουσικὸς
769 2963 828 3055 τὴν
850 2963 1021 3052 διαφορὰν
1042 2962 1077 3031 ἒν
1096 2968 1144 3052 τῷ
1164 2958 1287 3051 πρώτῳ

116 3069 208 3162 νόμῳ
222 3076 459 3142 παιδευτικῶν·
483 3071 565 3164 φησί
580 3066 654 3159 χοίρ·
678 3073 845 3162 διαφορὰν
865 3067 964 3160 τήνδε
986 3070 1156 3157 νομιστέον
1175 3068 1289 3150 αἰδοῦς

115 3206 151 3248 τε
172 3180 229 3249 καί
250 3176 412 3271 αἰσχύνης,
442 3179 494 3249 ὅτι
515 3175 535 3271 ἦ
556 3178 616 3265 μὲν
637 3175 741 3259 αἰδὼς
767 3179 852 3267 πρὸς
877 3176 1024 3270 ἡλικίαν,
1050 3179 1137 3267 πρὸς
1158 3173 1286 3269 ἀρετήν,

116 3289 202 3376 πρὸς
222 3287 413 3378 ἐμπειρίαν,
440 3288 524 3374 πρὸς
546 3283 707 3370 εὐδοξίαν.
748 3284 766 3354 ὁ
794 3288 855 3376 μὰρ
878 3285 1093 3374 ἐπιστάμενος
1112 3283 1288 3355 αἰδεῖσθαι

117 3396 203 3484 πρὸς
216 3393 355 3486 ἑκάστην
368 3402 433 3464 τῶν
455 3393 636 3488 εἰρημένων
656 3393 827 3484 ὑπεροχῶν
848 3394 1066 3484 προσέρχεται
1088 3395 1192 3475 οὕτως
1213 3396 1288 3462 δια-

116 3500 272 3592 κείμενος,
295 3500 333 3574 οἰ
350 3505 407 3572 διὰ
429 3505 467 3573 τὸ
489 3501 711 3595 ἡμαρτηκέναι
731 3530 774 3584 τι,
800 3499 887 3570 ἀλλὰ
909 3504 1024 3572 διὰτὸ
1047 3502 1210 3591 σέβεσθαι
1231 3503 1288 3571 καί

115 3618 216 3697 τιμᾶν
236 3612 296 3692 τὰς
310 3608 482 3703 εἰρημένας
502 3609 678 3698 ὑπεροχάς.
717 3608 737 3702 ἡ
762 3607 796 3679 δ’
816 3606 949 3702 αἰσχύνη
971 3617 1105 3699 πρῶτον
1124 3609 1185 3697 μέν
1202 3611 1289 3695 πρὸς

117 3713 226 3787 πάντα
244 3714 439 3808 ἰίνδρωιιον,
456 3718 573 3789 ἔπειτα
588 3718 645 3788 εἰσί
658 3723 728 3799 τοῖς
742 3718 974 3805 νομιζομένοις
988 3715 1142 3805 αἰσχροῖς.
1164 3722 1288 3790 Similia

117 3830 204 3896 haud
223 3854 326 3916 pauca
353 3833 422 3917 ipsc
443 3831 635 3897 Aristoteles
656 3831 764 3897 habet.
807 3829 890 3898 Sunt
915 3832 995 3896 haec
1013 3832 1141 3916 pulcra,
1165 3835 1288 3918 arguta,

117 3938 158 4002 ab
180 3938 289 4004 nativo
311 3941 408 4024 patrii
435 3940 592 4006 sermonis
619 3961 716 4005 sensu
737 3938 891 4023 profecta:
923 3940 980 4004 sed
1002 3939 1080 4022 quid
1100 3961 1177 4004 usus
1200 3961 1288 4004 com-

117 4045 281 4111 miscuerit
301 4047 348 4128 (in
368 4048 569 4132 paucissimis
591 4050 699 4112 autem
719 4045 809 4110 illam
831 4047 871 4110 ab
895 4050 968 4111 ortu
990 4046 1200 4112 subtilitatem
1221 4069 1287 4111 ser-

118 4153 224 4234 vavit),
246 4154 324 4239 quid
346 4156 545 4221 consuetudo
567 4155 759 4240 scriptorum
780 4152 870 4234 ferat,
890 4154 953 4218 hoo
973 4153 1021 4219 illi
1040 4153 1236 4239 philosophi,
1257 4157 1289 4218 et

120 4283 178 4327 suo
195 4262 324 4345 quidem
342 4262 419 4342 iure,
441 4285 594 4348 quaerere
616 4262 874 4347 supersederunt.
910 4262 1022 4348 Longe
1043 4263 1116 4347 plus
1137 4262 1286 4327 utilitatis
1304 4276 1336 4326 43

121 4372 189 4434 erat
209 4369 244 4434 in
264 4369 305 4435 iis
328 4370 616 4450 observationibus,
639 4393 718 4454 quas
741 4390 813 4434 cum
835 4370 874 4435 de
889 4369 1080 4449 civitatibus,
1102 4370 1140 4434 de
1161 4368 1289 4454 legibus
