<?xml version="1.0" encoding="UTF-8"?>
<!DOCTYPE html PUBLIC "-//W3C//DTD XHTML 1.0 Transitional//EN"
    "http://www.w3.org/TR/xhtml1/DTD/xhtml1-transitional.dtd">
<html xmlns="http://www.w3.org/1999/xhtml" xml:lang="en" lang="en">
 <head>
  <title>
</title>
<meta http-equiv="Content-Type" content="text/html;charset=utf-8" />
  <meta name='ocr-system' content='tesseract 3.04.00' />
  <meta name='ocr-capabilities' content='ocr_page ocr_carea ocr_par ocr_line ocrx_word'/>
</head>
<body>
  <div class='ocr_page' id='page_1' title='image "./dearistarchistu01lehrgoog/dearistarchistu01lehrgoog_0092.png"; bbox 0 0 3008 4980; ppageno 0'>
   <div class='ocr_carea' id='block_1_1' title="bbox 658 345 1307 414">
    <p class='ocr_par' dir='ltr' id='par_1_1' title="bbox 658 345 1307 414">
     <span class='ocr_line' id='line_1_1' title="bbox 658 345 1307 414; baseline -0.003 0"><span class='ocrx_word' id='word_1_1' title='bbox 658 349 680 400; x_wconf 81' lang='lat'>3·</span> <span class='ocrx_word' id='word_1_2' title='bbox 703 345 788 414; x_wconf 75' lang='grc' dir='ltr'><strong><em>φύζα·</em></strong></span> <span class='ocrx_word' id='word_1_3' title='bbox 1268 353 1307 412; x_wconf 97' lang='grc'>77</span> 
     </span>
    </p>
   </div>
   <div class='ocr_carea' id='block_1_2' title="bbox 134 502 1356 2536">
    <p class='ocr_par' dir='ltr' id='par_1_2' title="bbox 134 502 1309 2211">
     <span class='ocr_line' id='line_1_2' title="bbox 137 502 1309 597; baseline -0.004 -18"><span class='ocrx_word' id='word_1_4' title='bbox 137 511 201 579; x_wconf 87' lang='lat' dir='ltr'>Sed</span> <span class='ocrx_word' id='word_1_5' title='bbox 221 513 400 597; x_wconf 90' lang='lat' dir='ltr'>accepimus</span> <span class='ocrx_word' id='word_1_6' title='bbox 421 512 514 580; x_wconf 90' lang='lat' dir='ltr'>haec:</span> <span class='ocrx_word' id='word_1_7' title='bbox 533 503 746 595; x_wconf 79' lang='grc' dir='ltr'><strong><em>Ἀρίσταρχος</em></strong></span> <span class='ocrx_word' id='word_1_8' title='bbox 766 503 841 597; x_wconf 75' lang='grc' dir='ltr'><strong><em>ἰαχή</em></strong></span> <span class='ocrx_word' id='word_1_9' title='bbox 862 533 897 574; x_wconf 84' lang='grc' dir='ltr'>σε</span> <span class='ocrx_word' id='word_1_10' title='bbox 919 509 1021 587; x_wconf 81' lang='grc' dir='ltr'><strong><em>πόνος</em></strong></span> <span class='ocrx_word' id='word_1_11' title='bbox 1039 527 1087 575; x_wconf 81' lang='grc' dir='ltr'>ιε·</span> <span class='ocrx_word' id='word_1_12' title='bbox 1110 502 1148 575; x_wconf 81' lang='grc' dir='ltr'>οὗ</span> <span class='ocrx_word' id='word_1_13' title='bbox 1171 507 1233 594; x_wconf 77' lang='grc' dir='ltr'>γὰρ</span> <span class='ocrx_word' id='word_1_14' title='bbox 1256 505 1309 594; x_wconf 74' lang='grc' dir='ltr'>φέ-</span> 
     </span>
     <span class='ocr_line' id='line_1_3' title="bbox 135 615 1308 706; baseline -0.002 -22"><span class='ocrx_word' id='word_1_15' title='bbox 135 615 212 704; x_wconf 76' lang='grc' dir='ltr'><strong><em>ρονέ</em></strong></span> <span class='ocrx_word' id='word_1_16' title='bbox 232 643 286 684; x_wconf 81' lang='grc' dir='ltr'>πω</span> <span class='ocrx_word' id='word_1_17' title='bbox 309 616 403 706; x_wconf 79' lang='grc' dir='ltr'><strong><em>φυγή.</em></strong></span> <span class='ocrx_word' id='word_1_18' title='bbox 439 618 512 684; x_wconf 88' lang='grc' dir='ltr'>Ηοο</span> <span class='ocrx_word' id='word_1_19' title='bbox 527 623 576 684; x_wconf 86' lang='lat' dir='ltr'>est</span> <span class='ocrx_word' id='word_1_20' title='bbox 589 619 728 705; x_wconf 88' lang='lat' dir='ltr'><strong>Didymi.</strong></span> <span class='ocrx_word' id='word_1_21' title='bbox 764 619 912 685; x_wconf 87' lang='lat' dir='ltr'>Alterum</span> <span class='ocrx_word' id='word_1_22' title='bbox 928 620 1015 704; x_wconf 91' lang='lat' dir='ltr'>quod</span> <span class='ocrx_word' id='word_1_23' title='bbox 1034 619 1147 684; x_wconf 87' lang='lat' dir='ltr'>eodem</span> <span class='ocrx_word' id='word_1_24' title='bbox 1167 617 1240 683; x_wconf 93' lang='lat' dir='ltr'>loco</span> <span class='ocrx_word' id='word_1_25' title='bbox 1261 616 1308 683; x_wconf 90' lang='lat' dir='ltr'>le·</span> 
     </span>
     <span class='ocr_line' id='line_1_4' title="bbox 136 719 1309 815; baseline -0.001 -23"><span class='ocrx_word' id='word_1_26' title='bbox 136 727 244 813; x_wconf 84' lang='lat' dir='ltr'>gimus</span> <span class='ocrx_word' id='word_1_27' title='bbox 265 719 297 815; x_wconf 78' lang='grc' dir='ltr'>(ἦ</span> <span class='ocrx_word' id='word_1_28' title='bbox 314 724 431 812; x_wconf 75' lang='grc' dir='ltr'><strong><em>διπλῇ)</em></strong></span> <span class='ocrx_word' id='word_1_29' title='bbox 455 721 506 792; x_wconf 79' lang='grc' dir='ltr'>ότι</span> <span class='ocrx_word' id='word_1_30' title='bbox 520 723 581 812; x_wconf 78' lang='grc' dir='ltr'>τὴν</span> <span class='ocrx_word' id='word_1_31' title='bbox 594 724 677 809; x_wconf 85' lang='grc' dir='ltr'>μειὰ</span> <span class='ocrx_word' id='word_1_32' title='bbox 694 723 789 803; x_wconf 81' lang='grc' dir='ltr'><strong><em>δέους</em></strong></span> <span class='ocrx_word' id='word_1_33' title='bbox 811 724 916 814; x_wconf 82' lang='grc' dir='ltr'><strong><em>φυγὴν</em></strong></span> <span class='ocrx_word' id='word_1_34' title='bbox 931 721 1041 813; x_wconf 90' lang='grc' dir='ltr'><strong><em>φόβον</em></strong></span> <span class='ocrx_word' id='word_1_35' title='bbox 1060 719 1196 812; x_wconf 79' lang='grc' dir='ltr'>εἴρηκεν,</span> <span class='ocrx_word' id='word_1_36' title='bbox 1222 726 1309 811; x_wconf 91' lang='lat' dir='ltr'>quod</span> 
     </span>
     <span class='ocr_line' id='line_1_5' title="bbox 136 831 1308 919; baseline 0 -21"><span class='ocrx_word' id='word_1_37' title='bbox 136 834 356 899; x_wconf 87' lang='lat' dir='ltr'>Aristonicum</span> <span class='ocrx_word' id='word_1_38' title='bbox 377 833 519 914; x_wconf 79' lang='lat' dir='ltr'>simulat,</span> <span class='ocrx_word' id='word_1_39' title='bbox 542 834 660 919; x_wconf 87' lang='lat' dir='ltr'>duplici</span> <span class='ocrx_word' id='word_1_40' title='bbox 682 835 778 899; x_wconf 91' lang='lat' dir='ltr'>modo</span> <span class='ocrx_word' id='word_1_41' title='bbox 800 835 917 899; x_wconf 89' lang='lat' dir='ltr'>mirum</span> <span class='ocrx_word' id='word_1_42' title='bbox 939 838 996 900; x_wconf 87' lang='lat' dir='ltr'>est.</span> <span class='ocrx_word' id='word_1_43' title='bbox 1034 831 1120 899; x_wconf 90' lang='lat' dir='ltr'>Nam</span> <span class='ocrx_word' id='word_1_44' title='bbox 1141 837 1174 899; x_wconf 90' lang='lat' dir='ltr'>et</span> <span class='ocrx_word' id='word_1_45' title='bbox 1194 833 1308 898; x_wconf 84' lang='lat' dir='ltr'>falsam</span> 
     </span>
     <span class='ocr_line' id='line_1_6' title="bbox 135 941 1308 1027; baseline 0 -22"><span class='ocrx_word' id='word_1_46' title='bbox 135 942 171 1006; x_wconf 90' lang='lat' dir='ltr'>in</span> <span class='ocrx_word' id='word_1_47' title='bbox 199 941 372 1027; x_wconf 89' lang='lat' dir='ltr'>exemplari</span> <span class='ocrx_word' id='word_1_48' title='bbox 403 964 461 1007; x_wconf 89' lang='lat' dir='ltr'>suo</span> <span class='ocrx_word' id='word_1_49' title='bbox 486 943 638 1008; x_wconf 86' lang='lat' dir='ltr'>habuisse</span> <span class='ocrx_word' id='word_1_50' title='bbox 662 942 835 1008; x_wconf 90' lang='lat' dir='ltr'>lectionem</span> <span class='ocrx_word' id='word_1_51' title='bbox 852 964 912 1008; x_wconf 90' lang='lat' dir='ltr'>nec</span> <span class='ocrx_word' id='word_1_52' title='bbox 932 942 967 1006; x_wconf 94' lang='lat' dir='ltr'>id</span> <span class='ocrx_word' id='word_1_53' title='bbox 989 941 1126 1008; x_wconf 80' lang='lat' dir='ltr'>sensisse</span> <span class='ocrx_word' id='word_1_54' title='bbox 1145 941 1308 1026; x_wconf 86' lang='lat' dir='ltr'>putandus</span> 
     </span>
     <span class='ocr_line' id='line_1_7' title="bbox 136 1041 1307 1137; baseline -0.001 -23"><span class='ocrx_word' id='word_1_55' title='bbox 136 1049 198 1114; x_wconf 90' lang='lat' dir='ltr'>erit</span> <span class='ocrx_word' id='word_1_56' title='bbox 219 1052 252 1114; x_wconf 91' lang='lat' dir='ltr'>et</span> <span class='ocrx_word' id='word_1_57' title='bbox 273 1049 370 1114; x_wconf 85' lang='lat' dir='ltr'>simul</span> <span class='ocrx_word' id='word_1_58' title='bbox 391 1051 461 1134; x_wconf 86' lang='lat' dir='ltr'>ipse</span> <span class='ocrx_word' id='word_1_59' title='bbox 481 1049 564 1115; x_wconf 83' lang='lat' dir='ltr'>falso</span> <span class='ocrx_word' id='word_1_60' title='bbox 587 1051 776 1135; x_wconf 87' lang='lat' dir='ltr'>explicuisse</span> <span class='ocrx_word' id='word_1_61' title='bbox 797 1045 855 1137; x_wconf 78' lang='grc' dir='ltr'>τὴν</span> <span class='ocrx_word' id='word_1_62' title='bbox 875 1046 959 1131; x_wconf 72' lang='grc' dir='ltr'><em>μετὰ</em></span> <span class='ocrx_word' id='word_1_63' title='bbox 983 1044 1079 1126; x_wconf 81' lang='grc' dir='ltr'><strong><em>δέους</em></strong></span> <span class='ocrx_word' id='word_1_64' title='bbox 1100 1041 1215 1137; x_wconf 74' lang='grc' dir='ltr'><strong><em>φυγήν.</em></strong></span> <span class='ocrx_word' id='word_1_65' title='bbox 1258 1047 1307 1113; x_wconf 83' lang='grc' dir='ltr'>Βε</span> 
     </span>
     <span class='ocr_line' id='line_1_8' title="bbox 136 1155 1307 1243; baseline 0.001 -23"><span class='ocrx_word' id='word_1_66' title='bbox 136 1177 201 1240; x_wconf 91' lang='lat' dir='ltr'>quo</span> <span class='ocrx_word' id='word_1_67' title='bbox 221 1159 324 1221; x_wconf 86' lang='lat' dir='ltr'>restat</span> <span class='ocrx_word' id='word_1_68' title='bbox 344 1160 380 1221; x_wconf 90' lang='lat' dir='ltr'>ut</span> <span class='ocrx_word' id='word_1_69' title='bbox 400 1179 550 1223; x_wconf 83' lang='lat' dir='ltr'>moneam</span> <span class='ocrx_word' id='word_1_70' title='bbox 572 1180 609 1224; x_wconf 83' lang='lat' dir='ltr'>ea</span> <span class='ocrx_word' id='word_1_71' title='bbox 628 1158 695 1224; x_wconf 85' lang='lat' dir='ltr'>fere</span> <span class='ocrx_word' id='word_1_72' title='bbox 716 1161 865 1243; x_wconf 84' lang='lat' dir='ltr'>repetens</span> <span class='ocrx_word' id='word_1_73' title='bbox 887 1179 969 1242; x_wconf 90' lang='lat' dir='ltr'>quae</span> <span class='ocrx_word' id='word_1_74' title='bbox 997 1156 1062 1222; x_wconf 85' lang='lat' dir='ltr'>dixi</span> <span class='ocrx_word' id='word_1_75' title='bbox 1091 1156 1175 1241; x_wconf 83' lang='lat' dir='ltr'>apud</span> <span class='ocrx_word' id='word_1_76' title='bbox 1196 1155 1307 1222; x_wconf 86' lang='lat' dir='ltr'>Fried-</span> 
     </span>
     <span class='ocr_line' id='line_1_9' title="bbox 134 1262 1307 1350; baseline 0.001 -23"><span class='ocrx_word' id='word_1_77' title='bbox 134 1262 322 1328; x_wconf 87' lang='lat' dir='ltr'>laenderum</span> <span class='ocrx_word' id='word_1_78' title='bbox 341 1265 485 1330; x_wconf 86' lang='lat' dir='ltr'>Ariston.</span> <span class='ocrx_word' id='word_1_79' title='bbox 507 1289 538 1350; x_wconf 90' lang='lat' dir='ltr'>p.</span> <span class='ocrx_word' id='word_1_80' title='bbox 563 1273 629 1334; x_wconf 84' lang='lat'>101.</span> <span class='ocrx_word' id='word_1_81' title='bbox 670 1264 799 1331; x_wconf 76' lang='lat' dir='ltr'>Scilicet</span> <span class='ocrx_word' id='word_1_82' title='bbox 819 1268 870 1330; x_wconf 88' lang='lat' dir='ltr'>tot</span> <span class='ocrx_word' id='word_1_83' title='bbox 890 1265 982 1344; x_wconf 85' lang='lat' dir='ltr'>locis,</span> <span class='ocrx_word' id='word_1_84' title='bbox 1004 1286 1085 1349; x_wconf 91' lang='lat' dir='ltr'>quos</span> <span class='ocrx_word' id='word_1_85' title='bbox 1108 1264 1307 1330; x_wconf 84' lang='lat' dir='ltr'>enumeravi-</span> 
     </span>
     <span class='ocr_line' id='line_1_10' title="bbox 135 1369 1308 1459; baseline 0.003 -25"><span class='ocrx_word' id='word_1_86' title='bbox 135 1393 216 1450; x_wconf 83' lang='lat' dir='ltr'>mus,</span> <span class='ocrx_word' id='word_1_87' title='bbox 237 1371 271 1435; x_wconf 93' lang='lat' dir='ltr'>in</span> <span class='ocrx_word' id='word_1_88' title='bbox 288 1371 404 1455; x_wconf 90' lang='lat' dir='ltr'>quibus</span> <span class='ocrx_word' id='word_1_89' title='bbox 420 1372 459 1437; x_wconf 88' lang='lat' dir='ltr'>de</span> <span class='ocrx_word' id='word_1_90' title='bbox 473 1373 710 1458; x_wconf 84' lang='lat' dir='ltr'>significatione</span> <span class='ocrx_word' id='word_1_91' title='bbox 724 1373 812 1437; x_wconf 86' lang='lat' dir='ltr'>vocis</span> <span class='ocrx_word' id='word_1_92' title='bbox 827 1369 935 1458; x_wconf 89' lang='grc' dir='ltr'><strong><em>φόβος</em></strong></span> <span class='ocrx_word' id='word_1_93' title='bbox 955 1375 988 1437; x_wconf 85' lang='lat' dir='ltr'>et</span> <span class='ocrx_word' id='word_1_94' title='bbox 1003 1371 1191 1459; x_wconf 71' lang='grc' dir='ltr'><strong><em>φοβεῖσθαι</em></strong></span> <span class='ocrx_word' id='word_1_95' title='bbox 1213 1372 1308 1437; x_wconf 92' lang='lat' dir='ltr'>doce-</span> 
     </span>
     <span class='ocr_line' id='line_1_11' title="bbox 135 1478 1308 1564; baseline 0.001 -22"><span class='ocrx_word' id='word_1_96' title='bbox 135 1501 216 1557; x_wconf 87' lang='lat' dir='ltr'>mur,</span> <span class='ocrx_word' id='word_1_97' title='bbox 236 1479 340 1543; x_wconf 90' lang='lat' dir='ltr'>tribus</span> <span class='ocrx_word' id='word_1_98' title='bbox 354 1481 578 1546; x_wconf 86' lang='lat' dir='ltr'>tantummodo</span> <span class='ocrx_word' id='word_1_99' title='bbox 593 1479 674 1545; x_wconf 92' lang='lat' dir='ltr'>locis</span> <span class='ocrx_word' id='word_1_100' title='bbox 693 1483 797 1545; x_wconf 89' lang='lat' dir='ltr'>metus</span> <span class='ocrx_word' id='word_1_101' title='bbox 819 1478 986 1545; x_wconf 89' lang='lat' dir='ltr'>notionem</span> <span class='ocrx_word' id='word_1_102' title='bbox 1007 1478 1104 1564; x_wconf 81' lang='lat' dir='ltr'>fugae</span> <span class='ocrx_word' id='word_1_103' title='bbox 1125 1479 1308 1544; x_wconf 87' lang='lat' dir='ltr'>adiunctam</span> 
     </span>
     <span class='ocr_line' id='line_1_12' title="bbox 136 1580 1305 1674; baseline 0.001 -25"><span class='ocrx_word' id='word_1_104' title='bbox 136 1586 272 1650; x_wconf 88' lang='lat' dir='ltr'>inveniri</span> <span class='ocrx_word' id='word_1_105' title='bbox 295 1587 469 1672; x_wconf 89' lang='lat' dir='ltr'>permirum</span> <span class='ocrx_word' id='word_1_106' title='bbox 496 1591 558 1667; x_wconf 86' lang='lat' dir='ltr'>est,</span> <span class='ocrx_word' id='word_1_107' title='bbox 584 1586 739 1652; x_wconf 90' lang='lat' dir='ltr'>hocloco</span> <span class='ocrx_word' id='word_1_108' title='bbox 762 1591 795 1652; x_wconf 93' lang='lat' dir='ltr'>et</span> <span class='ocrx_word' id='word_1_109' title='bbox 814 1589 844 1648; x_wconf 82' lang='grc' dir='ltr'><em>Σ</em></span> <span class='ocrx_word' id='word_1_110' title='bbox 861 1593 921 1654; x_wconf 83' lang='grc'>247</span> <span class='ocrx_word' id='word_1_111' title='bbox 944 1581 963 1674; x_wconf 77' lang='grc' dir='ltr'><em>ἦ</em></span> <span class='ocrx_word' id='word_1_112' title='bbox 984 1583 1067 1668; x_wconf 73' lang='grc' dir='ltr'>μετὰ</span> <span class='ocrx_word' id='word_1_113' title='bbox 1090 1580 1187 1663; x_wconf 82' lang='grc' dir='ltr'><strong><em>δέους</em></strong></span> <span class='ocrx_word' id='word_1_114' title='bbox 1207 1580 1305 1673; x_wconf 79' lang='grc' dir='ltr'><strong><em>φυγή,</em></strong></span> 
     </span>
     <span class='ocr_line' id='line_1_13' title="bbox 136 1689 1308 1782; baseline 0.002 -25"><span class='ocrx_word' id='word_1_115' title='bbox 136 1696 169 1757; x_wconf 85' lang='lat' dir='ltr'>et</span> <span class='ocrx_word' id='word_1_116' title='bbox 187 1697 216 1755; x_wconf 83' lang='lat' dir='ltr'><strong><em>K</em></strong></span> <span class='ocrx_word' id='word_1_117' title='bbox 233 1701 270 1762; x_wconf 89' lang='lat'>10</span> <span class='ocrx_word' id='word_1_118' title='bbox 286 1689 304 1781; x_wconf 81' lang='grc' dir='ltr'><em>ἡ</em></span> <span class='ocrx_word' id='word_1_119' title='bbox 323 1691 406 1774; x_wconf 79' lang='grc' dir='ltr'><em>μετὰ</em></span> <span class='ocrx_word' id='word_1_120' title='bbox 429 1696 535 1782; x_wconf 80' lang='grc' dir='ltr'><strong><em>φυγῆς</em></strong></span> <span class='ocrx_word' id='word_1_121' title='bbox 557 1689 728 1771; x_wconf 85' lang='grc' dir='ltr'><strong><em>δειλίασις.</em></strong></span> <span class='ocrx_word' id='word_1_122' title='bbox 765 1693 838 1759; x_wconf 87' lang='grc' dir='ltr'>Ηου</span> <span class='ocrx_word' id='word_1_123' title='bbox 854 1694 1073 1759; x_wconf 85' lang='lat' dir='ltr'>Aristonicum</span> <span class='ocrx_word' id='word_1_124' title='bbox 1094 1695 1157 1760; x_wconf 90' lang='lat' dir='ltr'>sibi</span> <span class='ocrx_word' id='word_1_125' title='bbox 1177 1716 1308 1778; x_wconf 88' lang='lat' dir='ltr'>passum</span> 
     </span>
     <span class='ocr_line' id='line_1_14' title="bbox 137 1800 1307 1888; baseline 0.001 -22"><span class='ocrx_word' id='word_1_126' title='bbox 137 1822 207 1866; x_wconf 87' lang='lat' dir='ltr'>esse</span> <span class='ocrx_word' id='word_1_127' title='bbox 229 1801 373 1866; x_wconf 86' lang='lat' dir='ltr'>excidere</span> <span class='ocrx_word' id='word_1_128' title='bbox 394 1800 494 1887; x_wconf 83' lang='lat' dir='ltr'>longe</span> <span class='ocrx_word' id='word_1_129' title='bbox 515 1801 680 1888; x_wconf 81' lang='lat' dir='ltr'>longeque</span> <span class='ocrx_word' id='word_1_130' title='bbox 702 1803 808 1868; x_wconf 90' lang='lat' dir='ltr'>minus</span> <span class='ocrx_word' id='word_1_131' title='bbox 829 1803 1001 1868; x_wconf 87' lang='lat' dir='ltr'>verisimile</span> <span class='ocrx_word' id='word_1_132' title='bbox 1029 1824 1125 1887; x_wconf 88' lang='lat' dir='ltr'>quam</span> <span class='ocrx_word' id='word_1_133' title='bbox 1146 1802 1220 1868; x_wconf 91' lang='lat' dir='ltr'>illos</span> <span class='ocrx_word' id='word_1_134' title='bbox 1241 1805 1307 1867; x_wconf 89' lang='lat' dir='ltr'>tres</span> 
     </span>
     <span class='ocr_line' id='line_1_15' title="bbox 136 1905 1307 1995; baseline 0.003 -24"><span class='ocrx_word' id='word_1_135' title='bbox 136 1905 228 1972; x_wconf 90' lang='lat' dir='ltr'>locos</span> <span class='ocrx_word' id='word_1_136' title='bbox 255 1908 359 1973; x_wconf 89' lang='lat' dir='ltr'>aliena</span> <span class='ocrx_word' id='word_1_137' title='bbox 385 1932 483 1974; x_wconf 91' lang='lat' dir='ltr'>manu</span> <span class='ocrx_word' id='word_1_138' title='bbox 511 1913 679 1995; x_wconf 91' lang='lat' dir='ltr'>corruptos</span> <span class='ocrx_word' id='word_1_139' title='bbox 707 1911 748 1974; x_wconf 91' lang='lat' dir='ltr'>ad</span> <span class='ocrx_word' id='word_1_140' title='bbox 777 1932 838 1975; x_wconf 88' lang='lat' dir='ltr'>nos</span> <span class='ocrx_word' id='word_1_141' title='bbox 863 1911 1055 1994; x_wconf 88' lang='lat' dir='ltr'>pervenisse.</span> <span class='ocrx_word' id='word_1_142' title='bbox 1102 1910 1307 1975; x_wconf 74' lang='lat' dir='ltr'>Aristarchus</span> 
     </span>
     <span class='ocr_line' id='line_1_16' title="bbox 138 2011 1308 2104; baseline 0.001 -25"><span class='ocrx_word' id='word_1_143' title='bbox 138 2018 223 2080; x_wconf 86' lang='lat' dir='ltr'>certe</span> <span class='ocrx_word' id='word_1_144' title='bbox 248 2015 436 2101; x_wconf 89' lang='lat' dir='ltr'>simpliciter</span> <span class='ocrx_word' id='word_1_145' title='bbox 457 2017 610 2083; x_wconf 89' lang='lat' dir='ltr'>docuerat</span> <span class='ocrx_word' id='word_1_146' title='bbox 627 2012 734 2104; x_wconf 77' lang='grc' dir='ltr'><strong><em>φυγήν</em></strong></span> <span class='ocrx_word' id='word_1_147' title='bbox 753 2020 786 2082; x_wconf 89' lang='lat' dir='ltr'>et</span> <span class='ocrx_word' id='word_1_148' title='bbox 814 2011 948 2103; x_wconf 77' lang='grc' dir='ltr'><em>φεύγειν</em></span> <span class='ocrx_word' id='word_1_149' title='bbox 969 2017 1165 2104; x_wconf 82' lang='lat' dir='ltr'>significare,</span> <span class='ocrx_word' id='word_1_150' title='bbox 1194 2017 1308 2082; x_wconf 88' lang='lat' dir='ltr'>adiun-</span> 
     </span>
     <span class='ocr_line' id='line_1_17' title="bbox 137 2121 1242 2211; baseline 0.005 -26"><span class='ocrx_word' id='word_1_151' title='bbox 137 2125 222 2186; x_wconf 86' lang='lat' dir='ltr'>ctam</span> <span class='ocrx_word' id='word_1_152' title='bbox 243 2124 348 2188; x_wconf 87' lang='lat' dir='ltr'>metus</span> <span class='ocrx_word' id='word_1_153' title='bbox 369 2124 639 2209; x_wconf 83' lang='lat' dir='ltr'>significationem</span> <span class='ocrx_word' id='word_1_154' title='bbox 658 2125 729 2191; x_wconf 89' lang='lat' dir='ltr'>voci</span> <span class='ocrx_word' id='word_1_155' title='bbox 752 2121 837 2211; x_wconf 88' lang='grc' dir='ltr'><strong><em>φόζα</em></strong></span> <span class='ocrx_word' id='word_1_156' title='bbox 860 2148 932 2190; x_wconf 90' lang='lat' dir='ltr'>cum</span> <span class='ocrx_word' id='word_1_157' title='bbox 953 2125 1019 2191; x_wconf 88' lang='lat' dir='ltr'>suis</span> <span class='ocrx_word' id='word_1_158' title='bbox 1041 2125 1242 2191; x_wconf 85' lang='lat' dir='ltr'>attribuerat.</span> 
     </span>
    </p>

    <p class='ocr_par' dir='ltr' id='par_1_3' title="bbox 136 2224 1356 2536">
     <span class='ocr_line' id='line_1_18' title="bbox 218 2224 1308 2319; baseline 0.001 -25"><span class='ocrx_word' id='word_1_159' title='bbox 218 2227 289 2295; x_wconf 88' lang='lat' dir='ltr'>Nec</span> <span class='ocrx_word' id='word_1_160' title='bbox 320 2233 508 2319; x_wconf 64' lang='grc' dir='ltr'><strong><em>φοβεῖσθαι</em></strong></span> <span class='ocrx_word' id='word_1_161' title='bbox 531 2227 577 2319; x_wconf 83' lang='grc' dir='ltr'>μή</span> <span class='ocrx_word' id='word_1_162' title='bbox 610 2237 659 2298; x_wconf 85' lang='lat' dir='ltr'>est</span> <span class='ocrx_word' id='word_1_163' title='bbox 689 2232 775 2318; x_wconf 88' lang='lat' dir='ltr'>apud</span> <span class='ocrx_word' id='word_1_164' title='bbox 803 2232 983 2298; x_wconf 89' lang='lat' dir='ltr'>Homerum</span> <span class='ocrx_word' id='word_1_165' title='bbox 1013 2253 1072 2298; x_wconf 90' lang='lat' dir='ltr'>nec</span> <span class='ocrx_word' id='word_1_166' title='bbox 1102 2224 1210 2319; x_wconf 85' lang='grc' dir='ltr'><strong><em>φόβος</em></strong></span> <span class='ocrx_word' id='word_1_167' title='bbox 1236 2252 1308 2295; x_wconf 91' lang='lat' dir='ltr'>cum</span> 
     </span>
     <span class='ocr_line' id='line_1_19' title="bbox 136 2337 1356 2424; baseline 0 -22"><span class='ocrx_word' id='word_1_168' title='bbox 136 2337 279 2423; x_wconf 82' lang='lat' dir='ltr'>genitivo</span> <span class='ocrx_word' id='word_1_169' title='bbox 300 2338 360 2405; x_wconf 91' lang='lat' dir='ltr'>rei:</span> <span class='ocrx_word' id='word_1_170' title='bbox 382 2361 464 2423; x_wconf 89' lang='lat' dir='ltr'>quae</span> <span class='ocrx_word' id='word_1_171' title='bbox 485 2340 570 2424; x_wconf 85' lang='lat' dir='ltr'>apud</span> <span class='ocrx_word' id='word_1_172' title='bbox 590 2341 784 2424; x_wconf 88' lang='lat' dir='ltr'>posteriores</span> <span class='ocrx_word' id='word_1_173' title='bbox 807 2340 914 2424; x_wconf 88' lang='lat' dir='ltr'>epicos</span> <span class='ocrx_word' id='word_1_174' title='bbox 935 2340 1072 2404; x_wconf 89' lang='lat' dir='ltr'>inveniri</span> <span class='ocrx_word' id='word_1_175' title='bbox 1092 2338 1177 2404; x_wconf 84' lang='lat' dir='ltr'>infra</span> <span class='ocrx_word' id='word_1_176' title='bbox 1198 2343 1306 2407; x_wconf 87' lang='lat' dir='ltr'>osten·</span> <span class='ocrx_word' id='word_1_177' title='bbox 1325 2354 1356 2403; x_wconf 94' lang='grc'>77</span> 
     </span>
     <span class='ocr_line' id='line_1_20' title="bbox 136 2443 1135 2536; baseline 0.006 -28"><span class='ocrx_word' id='word_1_178' title='bbox 136 2443 219 2524; x_wconf 86' lang='lat' dir='ltr'>dam,</span> <span class='ocrx_word' id='word_1_179' title='bbox 239 2447 278 2509; x_wconf 91' lang='lat' dir='ltr'>ut</span> <span class='ocrx_word' id='word_1_180' title='bbox 299 2445 390 2511; x_wconf 89' lang='lat' dir='ltr'>decet</span> <span class='ocrx_word' id='word_1_181' title='bbox 411 2446 496 2531; x_wconf 88' lang='lat' dir='ltr'>apud</span> <span class='ocrx_word' id='word_1_182' title='bbox 518 2469 573 2514; x_wconf 88' lang='lat' dir='ltr'>eos</span> <span class='ocrx_word' id='word_1_183' title='bbox 596 2448 713 2533; x_wconf 91' lang='lat' dir='ltr'>quibus</span> <span class='ocrx_word' id='word_1_184' title='bbox 735 2449 923 2536; x_wconf 76' lang='grc' dir='ltr'><strong><em>φοβεῖσθαι</em></strong></span> <span class='ocrx_word' id='word_1_185' title='bbox 943 2447 1056 2513; x_wconf 87' lang='lat' dir='ltr'>timere</span> <span class='ocrx_word' id='word_1_186' title='bbox 1079 2451 1135 2515; x_wconf 84' lang='lat' dir='ltr'>est.</span> 
     </span>
    </p>
   </div>
   <div class='ocr_carea' id='block_1_3' title="bbox 600 2652 835 2661">
    <p class='ocr_par' dir='ltr' id='par_1_4' title="bbox 600 2652 835 2661">
     <span class='ocr_line' id='line_1_21' title="bbox 600 2652 835 2661; baseline 0 -1"><span class='ocrx_word' id='word_1_187' title='bbox 600 2652 835 2661; x_wconf 78' lang='grc'><em>-.-.----</em></span> 
     </span>
    </p>
   </div>
   <div class='ocr_carea' id='block_1_4' title="bbox 666 2859 1378 2950">
    <p class='ocr_par' dir='ltr' id='par_1_5' title="bbox 666 2859 1378 2950">
     <span class='ocr_line' id='line_1_22' title="bbox 666 2859 1378 2950; baseline 0.007 -21"><span class='ocrx_word' id='word_1_188' title='bbox 666 2859 781 2944; x_wconf 82' lang='grc' dir='ltr'><strong><em>Φόζοι</em></strong></span> <span class='ocrx_word' id='word_1_189' title='bbox 1323 2879 1378 2950; x_wconf 85' lang='grc'>(91)</span> 
     </span>
    </p>
   </div>
   <div class='ocr_carea' id='block_1_5' title="bbox 165 3010 1277 3212">
    <p class='ocr_par' dir='ltr' id='par_1_6' title="bbox 165 3010 1277 3212">
     <span class='ocr_line' id='line_1_23' title="bbox 165 3010 1277 3104; baseline -0.002 -24"><span class='ocrx_word' id='word_1_190' title='bbox 165 3015 292 3101; x_wconf 81' lang='lat' dir='ltr'>quando</span> <span class='ocrx_word' id='word_1_191' title='bbox 313 3014 426 3104; x_wconf 69' lang='grc' dir='ltr'><strong><em>βυφαυι</em></strong></span> <span class='ocrx_word' id='word_1_192' title='bbox 445 3018 605 3104; x_wconf 70' lang='grc' dir='ltr'>είφυιῂίεαι</span> <span class='ocrx_word' id='word_1_193' title='bbox 625 3040 659 3081; x_wconf 90' lang='lat' dir='ltr'>eo</span> <span class='ocrx_word' id='word_1_194' title='bbox 680 3016 789 3101; x_wconf 70' lang='lat' dir='ltr'>daffirt</span> <span class='ocrx_word' id='word_1_195' title='bbox 809 3041 830 3080; x_wconf 89' lang='grc' dir='ltr'><strong><em>ο</em></strong></span> <span class='ocrx_word' id='word_1_196' title='bbox 851 3010 969 3104; x_wconf 79' lang='grc' dir='ltr'><strong><em>φόβος,</em></strong></span> <span class='ocrx_word' id='word_1_197' title='bbox 991 3014 1074 3100; x_wconf 78' lang='lat' dir='ltr'>qaod</span> <span class='ocrx_word' id='word_1_198' title='bbox 1094 3014 1277 3080; x_wconf 70' lang='grc' dir='ltr'><strong><em>οιίυιιααιαια</em></strong></span> 
     </span>
     <span class='ocr_line' id='line_1_24' title="bbox 412 3123 1036 3212; baseline 0 -25"><span class='ocrx_word' id='word_1_199' title='bbox 412 3124 504 3189; x_wconf 79' lang='lat' dir='ltr'>habet</span> <span class='ocrx_word' id='word_1_200' title='bbox 523 3127 676 3190; x_wconf 78' lang='grc' dir='ltr'><strong><em>ιιοιιονιαννυ</em></strong></span> <span class='ocrx_word' id='word_1_201' title='bbox 695 3137 797 3188; x_wconf 72' lang='lat' dir='ltr'>metuo</span> <span class='ocrx_word' id='word_1_202' title='bbox 817 3123 866 3188; x_wconf 85' lang='grc' dir='ltr'>ναί</span> <span class='ocrx_word' id='word_1_203' title='bbox 882 3124 1036 3212; x_wconf 65' lang='grc' dir='ltr'><strong><em>ιφιιαυίοε.</em></strong></span> 
     </span>
    </p>
   </div>
   <div class='ocr_carea' id='block_1_6' title="bbox 134 3281 1309 4020">
    <p class='ocr_par' dir='ltr' id='par_1_7' title="bbox 134 3281 1309 4020">
     <span class='ocr_line' id='line_1_25' title="bbox 219 3281 1309 3376; baseline -0.002 -22"><span class='ocrx_word' id='word_1_204' title='bbox 219 3288 373 3373; x_wconf 87' lang='lat' dir='ltr'>Apollon.</span> <span class='ocrx_word' id='word_1_205' title='bbox 384 3289 445 3355; x_wconf 90' lang='lat' dir='ltr'>lex.</span> <span class='ocrx_word' id='word_1_206' title='bbox 455 3288 497 3353; x_wconf 91' lang='lat' dir='ltr'>H.</span> <span class='ocrx_word' id='word_1_207' title='bbox 507 3281 721 3372; x_wconf 82' lang='grc' dir='ltr'><strong><em>Ἀρίσταρχος</em></strong></span> <span class='ocrx_word' id='word_1_208' title='bbox 735 3283 954 3376; x_wconf 83' lang='grc' dir='ltr'><em>σεσημείωται</em></span> <span class='ocrx_word' id='word_1_209' title='bbox 967 3282 1020 3353; x_wconf 77' lang='grc' dir='ltr'>ὅτι</span> <span class='ocrx_word' id='word_1_210' title='bbox 1033 3281 1189 3374; x_wconf 75' lang='grc' dir='ltr'><strong><em>συνήθως</em></strong></span> <span class='ocrx_word' id='word_1_211' title='bbox 1202 3283 1309 3373; x_wconf 89' lang='grc' dir='ltr'><strong><em>φόβος</em></strong></span> 
     </span>
     <span class='ocr_line' id='line_1_26' title="bbox 137 3389 1308 3485; baseline -0.001 -24"><span class='ocrx_word' id='word_1_212' title='bbox 137 3392 269 3485; x_wconf 75' lang='grc' dir='ltr'><strong><em>έπὶσῆς</em></strong></span> <span class='ocrx_word' id='word_1_213' title='bbox 290 3399 404 3484; x_wconf 81' lang='grc' dir='ltr'><strong><em>φυγῆς,</em></strong></span> <span class='ocrx_word' id='word_1_214' title='bbox 429 3389 518 3483; x_wconf 86' lang='grc' dir='ltr'><strong><em>φόζα</em></strong></span> <span class='ocrx_word' id='word_1_215' title='bbox 540 3392 578 3460; x_wconf 84' lang='grc' dir='ltr'>δέ</span> <span class='ocrx_word' id='word_1_216' title='bbox 599 3391 655 3460; x_wconf 75' lang='grc' dir='ltr'>ἐπὶ</span> <span class='ocrx_word' id='word_1_217' title='bbox 676 3401 735 3483; x_wconf 75' lang='grc' dir='ltr'>τῆς</span> <span class='ocrx_word' id='word_1_218' title='bbox 750 3393 834 3478; x_wconf 77' lang='grc' dir='ltr'><em>μετὰ</em></span> <span class='ocrx_word' id='word_1_219' title='bbox 849 3390 978 3473; x_wconf 79' lang='grc' dir='ltr'><strong><em>δειλίας</em></strong></span> <span class='ocrx_word' id='word_1_220' title='bbox 991 3399 1104 3485; x_wconf 72' lang='grc' dir='ltr'><strong><em>φυγῆς.</em></strong></span> <span class='ocrx_word' id='word_1_221' title='bbox 1140 3394 1308 3481; x_wconf 81' lang='lat' dir='ltr'>Significat</span> 
     </span>
     <span class='ocr_line' id='line_1_27' title="bbox 136 3486 1308 3593; baseline -0.002 -24"><span class='ocrx_word' id='word_1_222' title='bbox 136 3486 252 3569; x_wconf 39' lang='lat' dir='ltr'>autem&#39;</span> <span class='ocrx_word' id='word_1_223' title='bbox 268 3503 381 3589; x_wconf 82' lang='lat' dir='ltr'>fugam</span> <span class='ocrx_word' id='word_1_224' title='bbox 404 3504 524 3589; x_wconf 86' lang='lat' dir='ltr'>ubique</span> <span class='ocrx_word' id='word_1_225' title='bbox 546 3508 679 3590; x_wconf 90' lang='lat' dir='ltr'>excepto</span> <span class='ocrx_word' id='word_1_226' title='bbox 700 3526 767 3569; x_wconf 94' lang='lat' dir='ltr'>uno</span> <span class='ocrx_word' id='word_1_227' title='bbox 788 3503 861 3570; x_wconf 93' lang='lat' dir='ltr'>loco</span> <span class='ocrx_word' id='word_1_228' title='bbox 884 3508 905 3567; x_wconf 91' lang='grc' dir='ltr'><strong><em>Ι</em></strong></span> <span class='ocrx_word' id='word_1_229' title='bbox 922 3512 942 3573; x_wconf 81' lang='lat'><strong>2</strong></span> <span class='ocrx_word' id='word_1_230' title='bbox 965 3496 1054 3593; x_wconf 86' lang='grc' dir='ltr'><strong><em>φόζα</em></strong></span> <span class='ocrx_word' id='word_1_231' title='bbox 1077 3495 1187 3592; x_wconf 87' lang='grc' dir='ltr'><strong><em>φόβου</em></strong></span> <span class='ocrx_word' id='word_1_232' title='bbox 1208 3495 1308 3586; x_wconf 90' lang='grc' dir='ltr'><strong><em>κρυό-</em></strong></span> 
     </span>
     <span class='ocr_line' id='line_1_28' title="bbox 136 3603 1307 3700; baseline -0.001 -24"><span class='ocrx_word' id='word_1_233' title='bbox 136 3634 228 3689; x_wconf 87' lang='grc' dir='ltr'><strong><em>ενιος</em></strong></span> <span class='ocrx_word' id='word_1_234' title='bbox 254 3605 377 3698; x_wconf 77' lang='grc' dir='ltr'><strong><em>ἑταίρη.</em></strong></span> <span class='ocrx_word' id='word_1_235' title='bbox 418 3611 483 3677; x_wconf 74' lang='lat' dir='ltr'>Ubi</span> <span class='ocrx_word' id='word_1_236' title='bbox 503 3610 654 3699; x_wconf 86' lang='lat' dir='ltr'>legimus:</span> <span class='ocrx_word' id='word_1_237' title='bbox 683 3605 716 3700; x_wconf 79' lang='grc' dir='ltr'>(ἡ</span> <span class='ocrx_word' id='word_1_238' title='bbox 740 3610 844 3700; x_wconf 81' lang='grc' dir='ltr'><strong><em>διπλῆ</em></strong></span> <span class='ocrx_word' id='word_1_239' title='bbox 867 3605 931 3696; x_wconf 84' lang='grc' dir='ltr'>ὅτι)</span> <span class='ocrx_word' id='word_1_240' title='bbox 958 3604 1046 3697; x_wconf 84' lang='grc' dir='ltr'><strong><em>φόζα</em></strong></span> <span class='ocrx_word' id='word_1_241' title='bbox 1068 3603 1135 3696; x_wconf 81' lang='grc' dir='ltr'><em>(ἀεὶ</em></span> <span class='ocrx_word' id='word_1_242' title='bbox 1154 3606 1227 3694; x_wconf 83' lang='grc' dir='ltr'>μέν)</span> <span class='ocrx_word' id='word_1_243' title='bbox 1248 3632 1307 3697; x_wconf 86' lang='grc' dir='ltr'>ση-</span> 
     </span>
     <span class='ocr_line' id='line_1_29' title="bbox 134 3711 1308 3808; baseline 0 -25"><span class='ocrx_word' id='word_1_244' title='bbox 134 3713 247 3802; x_wconf 83' lang='grc' dir='ltr'><strong><em>μαίνει</em></strong></span> <span class='ocrx_word' id='word_1_245' title='bbox 271 3716 331 3808; x_wconf 82' lang='grc' dir='ltr'>τὴν</span> <span class='ocrx_word' id='word_1_246' title='bbox 354 3716 438 3802; x_wconf 80' lang='grc' dir='ltr'><em>μετὰ</em></span> <span class='ocrx_word' id='word_1_247' title='bbox 467 3715 563 3795; x_wconf 90' lang='grc' dir='ltr'><strong><em>δέους</em></strong></span> <span class='ocrx_word' id='word_1_248' title='bbox 591 3719 718 3802; x_wconf 89' lang='lat' dir='ltr'>(melius</span> <span class='ocrx_word' id='word_1_249' title='bbox 738 3719 891 3805; x_wconf 84' lang='lat' dir='ltr'>Apollon.</span> <span class='ocrx_word' id='word_1_250' title='bbox 915 3711 1054 3801; x_wconf 87' lang='grc' dir='ltr'>δειλίας)</span> <span class='ocrx_word' id='word_1_251' title='bbox 1075 3713 1194 3807; x_wconf 76' lang='grc' dir='ltr'><strong><em>φυγήν·</em></strong></span> <span class='ocrx_word' id='word_1_252' title='bbox 1223 3714 1308 3783; x_wconf 74' lang='grc' dir='ltr'>ὅθεν</span> 
     </span>
     <span class='ocr_line' id='line_1_30' title="bbox 137 3821 1307 3917; baseline 0.002 -27"><span class='ocrx_word' id='word_1_253' title='bbox 137 3823 397 3917; x_wconf 51' lang='grc' dir='ltr'><strong><em>καίιφυζακινῇς</em></strong></span> <span class='ocrx_word' id='word_1_254' title='bbox 417 3821 577 3913; x_wconf 79' lang='grc' dir='ltr'><strong><em>ἐλάφοισι</em></strong></span> <span class='ocrx_word' id='word_1_255' title='bbox 597 3833 644 3908; x_wconf 89' lang='grc' dir='ltr'>(Ν</span> <span class='ocrx_word' id='word_1_256' title='bbox 665 3830 746 3910; x_wconf 82' lang='lat'>102).</span> <span class='ocrx_word' id='word_1_257' title='bbox 783 3831 838 3891; x_wconf 82' lang='grc' dir='ltr'>νόν</span> <span class='ocrx_word' id='word_1_258' title='bbox 860 3823 897 3891; x_wconf 85' lang='grc' dir='ltr'>δέ</span> <span class='ocrx_word' id='word_1_259' title='bbox 918 3821 1121 3912; x_wconf 52' lang='lat' dir='ltr'>statutae.</span> <span class='ocrx_word' id='word_1_260' title='bbox 1143 3868 1183 3877; x_wconf 89' lang='lat'>—</span> <span class='ocrx_word' id='word_1_261' title='bbox 1203 3826 1307 3913; x_wconf 79' lang='lat' dir='ltr'>Egre-</span> 
     </span>
     <span class='ocr_line' id='line_1_31' title="bbox 138 3934 1308 4020; baseline 0 -21"><span class='ocrx_word' id='word_1_262' title='bbox 138 3934 192 4020; x_wconf 78' lang='lat' dir='ltr'>gia</span> <span class='ocrx_word' id='word_1_263' title='bbox 211 3935 391 4001; x_wconf 87' lang='lat' dir='ltr'>observatio</span> <span class='ocrx_word' id='word_1_264' title='bbox 407 3939 440 4001; x_wconf 86' lang='lat' dir='ltr'>et</span> <span class='ocrx_word' id='word_1_265' title='bbox 453 3936 626 4016; x_wconf 86' lang='lat' dir='ltr'>verissima,</span> <span class='ocrx_word' id='word_1_266' title='bbox 649 3957 746 4020; x_wconf 89' lang='lat' dir='ltr'>qnam</span> <span class='ocrx_word' id='word_1_267' title='bbox 767 3957 808 4000; x_wconf 88' lang='lat' dir='ltr'>ne</span> <span class='ocrx_word' id='word_1_268' title='bbox 830 3936 902 4019; x_wconf 87' lang='lat' dir='ltr'>quis</span> <span class='ocrx_word' id='word_1_269' title='bbox 924 3934 1090 4000; x_wconf 82' lang='lat' dir='ltr'>cavilletur</span> <span class='ocrx_word' id='word_1_270' title='bbox 1111 3936 1228 4000; x_wconf 88' lang='lat' dir='ltr'>summi</span> <span class='ocrx_word' id='word_1_271' title='bbox 1247 3935 1308 3999; x_wconf 82' lang='lat' dir='ltr'>riri</span> 
     </span>
    </p>
   </div>
   <div class='ocr_carea' id='block_1_7' title="bbox 137 4042 1307 4219">
    <p class='ocr_par' dir='ltr' id='par_1_8' title="bbox 137 4042 1307 4219">
     <span class='ocr_line' id='line_1_32' title="bbox 137 4042 1307 4146; baseline 0 -40"><span class='ocrx_word' id='word_1_272' title='bbox 137 4046 244 4108; x_wconf 86' lang='lat' dir='ltr'>motus</span> <span class='ocrx_word' id='word_1_273' title='bbox 264 4044 465 4124; x_wconf 87' lang='lat' dir='ltr'>anctoritate,</span> <span class='ocrx_word' id='word_1_274' title='bbox 486 4042 695 4108; x_wconf 87' lang='lat' dir='ltr'>Immanuelis</span> <span class='ocrx_word' id='word_1_275' title='bbox 716 4042 870 4123; x_wconf 74' lang='lat' dir='ltr'>Bellen,</span> <span class='ocrx_word' id='word_1_276' title='bbox 891 4043 925 4107; x_wconf 90' lang='lat' dir='ltr'>in</span> <span class='ocrx_word' id='word_1_277' title='bbox 946 4042 1121 4127; x_wconf 82' lang='lat' dir='ltr'>Epimetris</span> <span class='ocrx_word' id='word_1_278' title='bbox 1142 4042 1218 4146; x_wconf 87' lang='lat' dir='ltr'>huic</span> <span class='ocrx_word' id='word_1_279' title='bbox 1240 4042 1307 4107; x_wconf 94' lang='lat' dir='ltr'>edi·</span> 
     </span>
     <span class='ocr_line' id='line_1_33' title="bbox 138 4149 679 4219; baseline 0.011 -6"><span class='ocrx_word' id='word_1_280' title='bbox 138 4149 221 4214; x_wconf 91' lang='lat' dir='ltr'>tioni</span> <span class='ocrx_word' id='word_1_281' title='bbox 241 4151 467 4217; x_wconf 83' lang='lat' dir='ltr'>accedentibus</span> <span class='ocrx_word' id='word_1_282' title='bbox 490 4151 679 4219; x_wconf 85' lang='lat' dir='ltr'>cavebimus.</span> 
     </span>
    </p>
   </div>
   <div class='ocr_carea' id='block_1_8' title="bbox 139 4310 1306 4472">
    <p class='ocr_par' dir='ltr' id='par_1_9' title="bbox 139 4310 1306 4472">
     <span class='ocr_line' id='line_1_34' title="bbox 203 4310 1306 4387; baseline -0.006 -15"><span class='ocrx_word' id='word_1_283' title='bbox 203 4319 229 4359; x_wconf 76' lang='lat'>4⁸</span> <span class='ocrx_word' id='word_1_284' title='bbox 246 4316 388 4387; x_wconf 80' lang='lat' dir='ltr'>Quidquid</span> <span class='ocrx_word' id='word_1_285' title='bbox 405 4317 440 4372; x_wconf 93' lang='lat' dir='ltr'>de</span> <span class='ocrx_word' id='word_1_286' title='bbox 458 4318 589 4386; x_wconf 88' lang='lat' dir='ltr'>corrupto</span> <span class='ocrx_word' id='word_1_287' title='bbox 609 4314 670 4370; x_wconf 92' lang='lat' dir='ltr'>loeo</span> <span class='ocrx_word' id='word_1_288' title='bbox 687 4315 830 4386; x_wconf 86' lang='lat' dir='ltr'>Apollonii</span> <span class='ocrx_word' id='word_1_289' title='bbox 848 4316 888 4372; x_wconf 84' lang='lat' dir='ltr'>IV</span> <span class='ocrx_word' id='word_1_290' title='bbox 906 4322 921 4371; x_wconf 85' lang='lat'><strong>5</strong></span> <span class='ocrx_word' id='word_1_291' title='bbox 939 4318 1084 4379; x_wconf 86' lang='lat' dir='ltr'>statuetur,</span> <span class='ocrx_word' id='word_1_292' title='bbox 1102 4315 1156 4368; x_wconf 92' lang='lat' dir='ltr'>hoc</span> <span class='ocrx_word' id='word_1_293' title='bbox 1174 4310 1306 4368; x_wconf 85' lang='lat' dir='ltr'>sentimus</span> 
     </span>
     <span class='ocr_line' id='line_1_35' title="bbox 139 4393 753 4472; baseline 0.002 -19"><span class='ocrx_word' id='word_1_294' title='bbox 139 4400 274 4456; x_wconf 84' lang='lat' dir='ltr'>vocabulo</span> <span class='ocrx_word' id='word_1_295' title='bbox 291 4393 371 4472; x_wconf 87' lang='grc' dir='ltr'><strong><em>φόζα</em></strong></span> <span class='ocrx_word' id='word_1_296' title='bbox 386 4418 487 4472; x_wconf 84' lang='lat' dir='ltr'>parum</span> <span class='ocrx_word' id='word_1_297' title='bbox 503 4403 570 4471; x_wconf 86' lang='lat' dir='ltr'>apte</span> <span class='ocrx_word' id='word_1_298' title='bbox 588 4417 669 4453; x_wconf 86' lang='lat' dir='ltr'>usum</span> <span class='ocrx_word' id='word_1_299' title='bbox 686 4416 753 4454; x_wconf 86' lang='lat' dir='ltr'>esse.</span> 
     </span>
    </p>
   </div>
   <div class='ocr_carea' id='block_1_9' title="bbox 0 0 1512 4980">
    <p class='ocr_par' dir='ltr' id='par_1_10' title="bbox 0 0 1512 4980">
     <span class='ocr_line' id='line_1_36' title="bbox 0 0 1512 4980; baseline 0 0"><span class='ocrx_word' id='word_1_300' title='bbox 0 0 1512 4980; x_wconf 95' lang='lat' dir='ltr'> </span> 
     </span>
    </p>
   </div>
  </div>
 </body>
</html>
