3008 4980
220 298 282 358 244
400 289 448 346 lIL
469 289 512 344 Dc
528 286 683 342 Austarchi
700 285 819 342 scicntia
833 283 1012 354 antiquitatis
1027 281 1205 341 Homericae.

138 459 360 534 (mosectator
386 458 455 521 eius
480 456 706 541 Apollodorus
747 454 816 520 Iam
846 453 1066 540 intelligemus
1098 453 1179 538 quid
1203 450 1268 518 sihi
1290 450 1381 516 velint

218 564 397 628 Aristarchi
418 569 526 648 notae,
552 586 689 648 quarum
712 563 850 649 vestigia
869 562 1001 626 suntin
1020 560 1121 626 schol.
1143 567 1223 627 ⁸55
1244 555 1328 641 πρὸς
1344 555 1380 620 τὰ

218 669 295 752 περὶ
315 675 376 756 τῆς
395 665 535 758 πλάνης,
558 667 611 736 ὅτι
631 664 745 753 πόῤῥω
766 693 834 735 που
856 665 892 733 ἐν
912 662 1259 749 ἐκτετοπισμένοις155
1274 659 1383 740 τόποις

219 770 403 862 ἀορίστοις·
433 777 515 867 φησὶ
541 781 618 862 pois
641 776 765 865 τηλόθι
792 799 860 842 που
885 773 946 862 τὴν
970 776 1071 861 νῆσον
1091 764 1190 840 εἶναι.
1231 767 1382 842 κ19θέκ

216 879 342 949 τούτων
368 883 405 951 δέ
430 883 686 972 ἐκτετοπισμένη
709 880 865 972 φαίνεται
885 877 907 970 ἡ
930 878 1040 969 πλάνη
1061 885 1121 946 τοῦ
1138 874 1335 957 Ὀόισσέως.
1366 878 1383 942 ό

218 1000 279 1062 556
307 992 411 1080 δῆλον
435 986 500 1057 κάκ
519 989 637 1059 τοότοι1
660 988 714 1058 ὅτι
735 987 911 1077 ἔξιόκισται
932 987 1183 1077 (ἒξωκεάνισται
1204 980 1381 1074 Ηοοὶτσῐ)ἡ

217 1103 317 1186 νῆσος
338 1101 529 1187 (Calypsus).
569 1097 645 1165 ἐπεὶ
667 1096 702 1164 τι’
727 1097 851 1165 ἐκώλυε
871 1095 928 1164 τόν
949 1094 1129 1163 Μενέλαον
1150 1092 1258 1173 οὕτως
1278 1090 1384 1176 ἔχοντα

152 1225 201 1276 243
220 1204 296 1289 περὶ
316 1206 374 1273 τὸν
394 1202 559 1273 Ὀδυσσέα
580 1206 638 1273 καὶ
655 1201 758 1273 πόλιν
779 1205 860 1293 ὅλην
878 1202 1087 1291 χαρίσασθαι
1108 1200 1276 1269 ἐθέλοντα
1297 1198 1386 1290 (ἐθέ-

216 1315 286 1378 λειν
317 1317 424 1402 οοάό.)
460 1324 537 1382 ναῦν
570 1313 711 1404 πέμψαι
745 1313 804 1379 καὶ
838 1317 945 1379 σῶσαι
969 1311 1028 1379 τὸν
1061 1307 1181 1400 φίλον,·
1215 1311 1305 1377 Hinc
1332 1333 1385 1377 nec

216 1423 398 1488 Phaeacum
423 1426 529 1491 insula
555 1425 696 1491 exclusa:
733 1423 752 1502 ζ
775 1430 836 1492 204
864 1418 918 1488 ότι
944 1424 1062 1507 σαφῶς
1086 1417 1237 1484 ἐνταῦθα
1264 1416 1385 1484 ἐκτετο-

216 1527 379 1616 πισμένην
399 1555 465 1597 ποι·
487 1531 545 1597 καὶ
565 1526 703 1618 ἐσχάτην
721 1527 783 1616 τὴν
803 1532 868 1593 τῶν
893 1522 1055 1593 Φαιάκων
1073 1520 1186 1611 χώραν
1207 1519 1387 1615 ἀφίσταται

217 1631 265 1713 εἰς
284 1636 345 1723 τὴν
366 1635 539 1725 Κέρκυραν
562 1642 596 1722 (l.
617 1634 799 1726 ὑφίσταται
820 1629 859 1702 οό
880 1634 942 1723 τὴν
955 1639 1018 1719 Κ.)
1053 1636 1101 1703 Of.
1114 1634 1270 1721 Apollod.
1287 1633 1385 1701 Strab.

215 1744 283 1830 lp.
306 1754 346 1813 44
371 1749 443 1828 (119
463 1746 541 1830 Ta).
570 1746 633 1812 VH
654 1772 685 1833 p.
701 1753 761 1815 299
776 1749 871 1828 (358).
898 1743 1003 1822 Quam
1022 1744 1057 1808 in
1080 1743 1385 1828 sententiampsene

217 1853 422 1918 obliteratam
448 1876 534 1919 nunc
561 1853 765 1919 Nitzschium
797 1852 873 1918 ferri
905 1853 1059 1917 videmus.
1105 1849 1288 1935 Nunquam
1313 1850 1385 1915 satis

215 1960 394 2025 Aristarchi
421 1963 522 2027 aciem
549 1961 699 2026 admirari
724 1982 906 2045 possumus.
947 1959 1049 2025 Porro
1070 1958 1124 2023 hic
1145 1959 1384 2024 memorandum

215 2067 305 2142 illud,
337 2069 423 2150 quod
446 2090 486 2133 cx
513 2067 617 2133 Oellr'o
648 2069 796 2134 norimus
821 2067 898 2133 XIV
924 2076 957 2146 6,
990 2067 1046 2153 qui
1070 2067 1156 2132 inter
1182 2067 1384 2150 quaestiones

215 2173 402 2239 Homericus
429 2175 521 2240 affert
550 2179 678 2257 „utrum
705 2171 739 2239 έν
764 2178 804 2264 τῇ
831 2170 895 2239 ἔσω
922 2171 1080 2259 θαλάσσῃ
1105 2173 1217 2239 Ulixes
1240 2174 1385 2239 erraverit

215 2272 284 2343 κατ’
305 2273 519 2366 Ἀρίσταρχον
541 2306 582 2347 an
606 2277 641 2346 έν
661 2285 701 2370 τῇ
721 2277 783 2361 ἔξω
805 2280 890 2347 κατὰ
904 2275 1150 2368 Κράτιμαίίῐλθ.
1186 2280 1300 2346 Grates
1320 2280 1385 2346 Ηο-

134 2391 205 2461 (255)
217 2411 306 2454 mero
329 2391 502 2469 Oceanum,
522 2390 555 2456 h.
579 2413 605 2455 e.
627 2391 751 2455 sufficet
768 2394 937 2456 externum
956 2411 1044 2455 mare
1059 2391 1175 2454 notum
1189 2411 1262 2454 esse
1275 2389 1384 2455 voluit.

217 2495 280 2574 Qui
306 2497 355 2561 uti
380 2496 507 2562 Ulixem
535 2520 573 2563 eo
601 2498 766 2563 devenisse
794 2499 875 2563 dixit
902 2499 947 2564 sic
967 2497 1152 2562 Menelaum
1175 2495 1281 2561 voluit
1306 2497 1384 2561 circa

215 2604 356 2669 Africam
378 2607 592 2691 navigantem,
614 2607 679 2670 sive
702 2607 794 2670 aliter
814 2606 870 2670 ille
893 2627 990 2689 quem
1007 2605 1121 2670 statuit
1136 2598 1384 2684 περίπλοοςίο·

215 2711 410 2797 telligendus
433 2718 482 2778 est
503 2714 543 2797 (v.
563 2713 707 2778 Ltibbert
728 2714 749 2779 l.
765 2713 786 2777 l.
802 2736 833 2797 p.
847 2718 930 2795 437),
952 2713 993 2776 ad
1012 2711 1110 2777 Indos
1131 2711 1267 2792 venisse,
1281 2709 1382 2779 Strab.

215 2816 230 2881 l
253 2841 283 2902 p.
300 2824 339 2886 38
354 2822 406 2902 (82
422 2819 498 2901 Ta).
528 2821 645 2900 Crates,
665 2826 703 2886 ut
723 2823 758 2885 in
779 2821 924 2906 plurimis
946 2821 1050 2899 rebus,
1072 2820 1118 2884 sic
1132 2818 1186 2884 hic
1200 2818 1383 2884 Aristarcho

215 2927 405 3002 contrariae,
433 2929 473 2992 ah
501 2950 612 2993 eorum
633 2932 724 3013 parte
747 2933 815 2994 erat
841 2929 896 3013 qui
919 2928 1096 2993 doctrinam
1117 2925 1263 3020 Homero
1284 2925 1384 3009 assig-

213 3159 391 3229 μετενέγκας
408 3153 489 3230 παρὰ
505 3165 559 3215 τοῦ
576 3158 821 3231 Ἑρατοσθένους“
835 3160 1031 3232 (Apollodorus
1043 3162 1099 3228 sa).
1129 3157 1183 3214 Hic
1200 3160 1316 3229 praeter
1332 3156 1384 3213 alia

213 3243 304 3298 multa
316 3243 369 3299 hoc
383 3243 418 3298 de
430 3243 614 3313 Apollodoro:
634 3240 753 3316 ἐπιτιμᾷ
772 3243 805 3299 δὲ
822 3250 872 3300 καὶ
889 3253 953 3310 τοῖς
968 3247 1037 3317 περὶ
1049 3246 1189 3300 Σικελίαν
1207 3246 1263 3313 τὴν
1278 3238 1385 3312 πλάνην

213 3328 330 3397 λέγουσι
348 3318 418 3382 καθ’
429 3316 559 3397 Ὅμηρον
576 3320 814 3398 stellionatus·
840 3327 867 3384 εἰ
889 3322 945 3400 γάρ
962 3323 998 3385 αὖ
1013 3340 1119 3400 χρῆναι
1135 3321 1188 3398 τὴν
1203 3325 1261 3396 μὲν
1278 3320 1384 3396 πλάνον

213 3409 278 3465 ἐκεῖ
293 3409 447 3480 γεγονέναι
459 3406 592 3480 φάσκειν,
612 3405 666 3466 τόν
682 3409 715 3465 δὲ
728 3405 852 3482 ποιητὴν
862 3410 1090 3478 ἐξωκεανικέναι
1101 3413 1285 3482 μυθολογίας
1295 3406 1385 3483 χάριν.

280 3495 318 3536 1⁵5
335 3490 576 3562 ἐκτετοπισμένοι
597 3489 685 3550 τόποι
703 3494 793 3551 Strab.
812 3501 845 3551 46
863 3498 944 3569 (125).
978 3493 1157 3564 ἐκτοπισμός
1174 3501 1205 3551 61
1225 3497 1304 3566 (164).
1326 3493 1385 3549 LV

212 3596 239 3647 p.
253 3582 309 3632 224.
339 3577 435 3633 Utitur
447 3596 515 3635 voce
527 3575 694 3646 ἐκτοπίζειν
711 3578 796 3633 etiam
807 3579 985 3636 intransitive
997 3585 1133 3647 „remotas
1145 3580 1273 3650 regiones
1285 3579 1385 3635 adire.“

212 3680 239 3731 p.
252 3667 284 3716 42
297 3662 377 3733 (113).
402 3668 431 3718 21
447 3664 510 3735 (56).
538 3662 664 3720 Occurrit
679 3663 710 3717 in
721 3664 774 3718 hac
794 3665 955 3733 quaestione
973 3666 1083 3736 saepius
1100 3666 1177 3736 apud
1193 3665 1384 3736 geographum

213 3743 418 3813 ἐξακεανίζειν
436 3750 465 3802 et
482 3743 705 3816 ἐξοκεανισμός.
740 3749 800 3803 Ηοο
818 3766 875 3804 non
892 3752 1004 3805 tantum
1024 3750 1163 3820 significat
1181 3750 1228 3815 „in
1245 3749 1385 3804 Oceanum

213 3828 382 3893 remittere“,
400 3830 449 3885 sed
465 3830 560 3886 induit
577 3831 662 3887 etiam
679 3832 914 3902 significationem
933 3835 979 3899 „in
998 3852 1075 3890 mare
1092 3834 1284 3904 longinquum
1294 3832 1384 3889 remit·

213 3916 297 3968 tere.“
331 3913 427 3968 Utitur
449 3915 524 3969 euim
542 3916 627 3971 etium
645 3917 843 3986 Apollodorus,
862 3924 896 3974 44
916 3921 998 3989 (119),
1017 3919 1072 3974 Vll
1091 3938 1119 3989 p.
1141 3923 1190 3974 299
1211 3918 1293 3988 (367),
1310 3916 1384 3973 cuius

213 3998 309 4052 tamen
326 3997 466 4053 sententia
483 4004 544 4055 erat
561 4017 663 4056 errasse
682 4001 783 4056 Ulixen
800 3999 851 4068 „dv
867 4008 904 4073 τῇ
921 3997 980 4058 ἔσο)
999 3998 1159 4074 θαλάσσῃ.“

281 4084 318 4124 156
336 4082 399 4136 Seu.
418 4098 461 4151 ep.
480 4087 524 4147 88,
544 4089 559 4136 7
577 4083 703 4151 Quaeris,
728 4086 822 4141 Ulixes
839 4087 889 4142 ubi
907 4087 1042 4143 erraverit
1058 4086 1153 4158 potius
1171 4104 1257 4156 quum
1274 4087 1384 4153 efficies,

212 4183 247 4221 ne
269 4175 319 4221 nos
335 4181 444 4235 semper
461 4170 603 4223 erremus?
625 4169 688 4225 Non
710 4172 793 4224 vacat
811 4171 921 4237 audire,
939 4175 1034 4227 utrum
1051 4174 1125 4226 inter
1142 4171 1255 4226 ltaliam
1272 4176 1304 4228 et
1321 4171 1384 4227 Sici·

212 4250 280 4304 liam
290 4249 409 4305 iactatus
420 4250 456 4305 sit
473 4268 510 4305 au
523 4253 602 4307 extra
619 4256 718 4308 notum
735 4254 815 4309 nobis
834 4257 942 4312 orbem:
962 4274 1053 4325 neque
1072 4255 1147 4311 enim
1164 4256 1260 4326 potuit
1278 4256 1309 4311 in
1326 4258 1383 4311 tam

215 4338 333 4405 angusto
352 4352 427 4391 error
444 4353 501 4392 esse
519 4340 577 4393 tam
595 4337 702 4408 longus.
