<?xml version="1.0" encoding="UTF-8"?>
<!DOCTYPE html PUBLIC "-//W3C//DTD XHTML 1.0 Transitional//EN"
    "http://www.w3.org/TR/xhtml1/DTD/xhtml1-transitional.dtd">
<html xmlns="http://www.w3.org/1999/xhtml" xml:lang="en" lang="en">
 <head>
  <title>
</title>
<meta http-equiv="Content-Type" content="text/html;charset=utf-8" />
  <meta name='ocr-system' content='tesseract 3.04.00' />
  <meta name='ocr-capabilities' content='ocr_page ocr_carea ocr_par ocr_line ocrx_word'/>
</head>
<body>
  <div class='ocr_page' id='page_1' title='image "./dearistarchistu01lehrgoog/dearistarchistu01lehrgoog_0038.png"; bbox 0 0 3008 4980; ppageno 0'>
   <div class='ocr_carea' id='block_1_1' title="bbox 344 301 1307 374">
    <p class='ocr_par' dir='ltr' id='par_1_1' title="bbox 344 301 1307 374">
     <span class='ocr_line' id='line_1_1' title="bbox 344 301 1307 374; baseline 0.006 -18"><span class='ocrx_word' id='word_1_1' title='bbox 344 308 367 359; x_wconf 79' lang='lat'><strong>2.</strong></span> <span class='ocrx_word' id='word_1_2' title='bbox 385 301 499 371; x_wconf 83' lang='lat' dir='ltr'><strong>Didymi</strong></span> <span class='ocrx_word' id='word_1_3' title='bbox 515 303 587 358; x_wconf 92' lang='lat' dir='ltr'><strong>liber</strong></span> <span class='ocrx_word' id='word_1_4' title='bbox 604 303 638 358; x_wconf 90' lang='lat' dir='ltr'><strong>de</strong></span> <span class='ocrx_word' id='word_1_5' title='bbox 658 303 813 359; x_wconf 73' lang='lat' dir='ltr'>Aristarchi</span> <span class='ocrx_word' id='word_1_6' title='bbox 831 304 955 360; x_wconf 74' lang='lat' dir='ltr'><strong>editione</strong></span> <span class='ocrx_word' id='word_1_7' title='bbox 974 305 1097 361; x_wconf 79' lang='lat' dir='ltr'><strong>Homeri.</strong></span> <span class='ocrx_word' id='word_1_8' title='bbox 1268 312 1307 374; x_wconf 84' lang='lat'><strong>23</strong></span> 
     </span>
    </p>
   </div>
   <div class='ocr_carea' id='block_1_2' title="bbox 133 471 1372 3244">
    <p class='ocr_par' dir='ltr' id='par_1_2' title="bbox 133 471 1372 3244">
     <span class='ocr_line' id='line_1_2' title="bbox 135 471 1372 560; baseline -0.002 -22"><span class='ocrx_word' id='word_1_9' title='bbox 135 474 238 560; x_wconf 91' lang='lat' dir='ltr'><strong>gistro</strong></span> <span class='ocrx_word' id='word_1_10' title='bbox 255 472 366 558; x_wconf 89' lang='lat' dir='ltr'><strong>scripti</strong></span> <span class='ocrx_word' id='word_1_11' title='bbox 381 473 437 537; x_wconf 89' lang='lat' dir='ltr'><strong>sed</strong></span> <span class='ocrx_word' id='word_1_12' title='bbox 454 472 494 535; x_wconf 87' lang='lat' dir='ltr'><strong>ad</strong></span> <span class='ocrx_word' id='word_1_13' title='bbox 513 471 581 536; x_wconf 89' lang='lat' dir='ltr'><strong>eius</strong></span> <span class='ocrx_word' id='word_1_14' title='bbox 597 471 724 538; x_wconf 88' lang='lat' dir='ltr'><strong>scholas</strong></span> <span class='ocrx_word' id='word_1_15' title='bbox 739 473 779 538; x_wconf 89' lang='lat' dir='ltr'><strong>ab</strong></span> <span class='ocrx_word' id='word_1_16' title='bbox 802 474 965 559; x_wconf 89' lang='lat' dir='ltr'><strong>discipulis</strong></span> <span class='ocrx_word' id='word_1_17' title='bbox 985 475 1167 560; x_wconf 89' lang='lat' dir='ltr'><strong>consignati</strong></span> <span class='ocrx_word' id='word_1_18' title='bbox 1189 477 1303 539; x_wconf 89' lang='lat' dir='ltr'><strong>essent.</strong></span> <span class='ocrx_word' id='word_1_19' title='bbox 1319 473 1372 542; x_wconf 73' lang='lat'><strong>(²⁶)</strong></span> 
     </span>
     <span class='ocr_line' id='line_1_3' title="bbox 134 579 1308 665; baseline -0.001 -19"><span class='ocrx_word' id='word_1_20' title='bbox 134 581 233 646; x_wconf 88' lang='lat' dir='ltr'><strong>Recte</strong></span> <span class='ocrx_word' id='word_1_21' title='bbox 266 581 368 665; x_wconf 85' lang='lat' dir='ltr'><strong>igitur</strong></span> <span class='ocrx_word' id='word_1_22' title='bbox 398 579 556 664; x_wconf 87' lang='lat' dir='ltr'><strong>Didymus</strong></span> <span class='ocrx_word' id='word_1_23' title='bbox 588 579 746 645; x_wconf 91' lang='lat' dir='ltr'><strong>eiusmodi</strong></span> <span class='ocrx_word' id='word_1_24' title='bbox 782 581 1020 646; x_wconf 89' lang='lat' dir='ltr'><strong>commentariis</strong></span> <span class='ocrx_word' id='word_1_25' title='bbox 1052 581 1158 646; x_wconf 89' lang='lat' dir='ltr'><strong>minus</strong></span> <span class='ocrx_word' id='word_1_26' title='bbox 1192 582 1308 646; x_wconf 92' lang='lat' dir='ltr'><strong>tribuit</strong></span> 
     </span>
     <span class='ocr_line' id='line_1_4' title="bbox 136 685 1308 773; baseline -0.001 -20"><span class='ocrx_word' id='word_1_27' title='bbox 136 711 232 772; x_wconf 89' lang='lat' dir='ltr'><strong>quam</strong></span> <span class='ocrx_word' id='word_1_28' title='bbox 259 686 350 752; x_wconf 88' lang='lat' dir='ltr'><strong>libris</strong></span> <span class='ocrx_word' id='word_1_29' title='bbox 377 686 416 750; x_wconf 89' lang='lat' dir='ltr'><strong>ab</strong></span> <span class='ocrx_word' id='word_1_30' title='bbox 446 685 518 769; x_wconf 93' lang='lat' dir='ltr'><strong>ipso</strong></span> <span class='ocrx_word' id='word_1_31' title='bbox 544 689 673 750; x_wconf 88' lang='lat' dir='ltr'><strong>auctore</strong></span> <span class='ocrx_word' id='word_1_32' title='bbox 696 688 864 753; x_wconf 91' lang='lat' dir='ltr'><strong>doctorum</strong></span> <span class='ocrx_word' id='word_1_33' title='bbox 885 689 1003 753; x_wconf 90' lang='lat' dir='ltr'><strong>iudicio</strong></span> <span class='ocrx_word' id='word_1_34' title='bbox 1027 689 1188 773; x_wconf 84' lang='lat' dir='ltr'><strong>expositis.</strong></span> <span class='ocrx_word' id='word_1_35' title='bbox 1225 688 1308 753; x_wconf 87' lang='lat' dir='ltr'><strong>Vide</strong></span> 
     </span>
     <span class='ocr_line' id='line_1_5' title="bbox 136 791 1308 880; baseline -0.003 -21"><span class='ocrx_word' id='word_1_36' title='bbox 136 817 232 880; x_wconf 89' lang='lat' dir='ltr'><strong>quarn</strong></span> <span class='ocrx_word' id='word_1_37' title='bbox 247 817 284 858; x_wconf 89' lang='lat' dir='ltr'><strong>ea</strong></span> <span class='ocrx_word' id='word_1_38' title='bbox 304 795 342 859; x_wconf 85' lang='lat' dir='ltr'><strong>de</strong></span> <span class='ocrx_word' id='word_1_39' title='bbox 364 815 398 857; x_wconf 86' lang='lat' dir='ltr'><strong>re</strong></span> <span class='ocrx_word' id='word_1_40' title='bbox 420 792 563 877; x_wconf 87' lang='lat' dir='ltr'><strong>ingenue</strong></span> <span class='ocrx_word' id='word_1_41' title='bbox 581 791 721 858; x_wconf 79' lang='lat' dir='ltr'><strong>Galenus</strong></span> <span class='ocrx_word' id='word_1_42' title='bbox 742 794 891 872; x_wconf 87' lang='lat' dir='ltr'><strong>fateatur,</strong></span> <span class='ocrx_word' id='word_1_43' title='bbox 912 795 992 859; x_wconf 90' lang='lat' dir='ltr'><strong>haec</strong></span> <span class='ocrx_word' id='word_1_44' title='bbox 1013 795 1146 859; x_wconf 88' lang='lat' dir='ltr'><strong>addens:</strong></span> <span class='ocrx_word' id='word_1_45' title='bbox 1170 817 1308 878; x_wconf 79' lang='grc' dir='ltr'><em>γεγραμ-</em></span> 
     </span>
     <span class='ocr_line' id='line_1_6' title="bbox 134 891 1309 985; baseline -0.002 -19"><span class='ocrx_word' id='word_1_46' title='bbox 134 899 242 983; x_wconf 81' lang='grc' dir='ltr'><em>μένων</em></span> <span class='ocrx_word' id='word_1_47' title='bbox 262 891 333 983; x_wconf 82' lang='grc' dir='ltr'><em>οάν,</em></span> <span class='ocrx_word' id='word_1_48' title='bbox 356 893 402 976; x_wconf 82' lang='grc' dir='ltr'><strong>ὡς</strong></span> <span class='ocrx_word' id='word_1_49' title='bbox 423 893 521 985; x_wconf 74' lang='grc' dir='ltr'><em>ἔφην,</em></span> <span class='ocrx_word' id='word_1_50' title='bbox 552 891 590 962; x_wconf 83' lang='grc' dir='ltr'><strong>οὗ</strong></span> <span class='ocrx_word' id='word_1_51' title='bbox 614 895 697 981; x_wconf 88' lang='grc' dir='ltr'><em>πρὸς</em></span> <span class='ocrx_word' id='word_1_52' title='bbox 718 895 852 966; x_wconf 81' lang='grc' dir='ltr'><em>έκδοσιν</em></span> <span class='ocrx_word' id='word_1_53' title='bbox 873 895 999 979; x_wconf 77' lang='grc' dir='ltr'><em>αὐτῶν,</em></span> <span class='ocrx_word' id='word_1_54' title='bbox 1029 894 1116 964; x_wconf 81' lang='grc' dir='ltr'><em>ἀλλὰ</em></span> <span class='ocrx_word' id='word_1_55' title='bbox 1137 899 1221 967; x_wconf 78' lang='grc' dir='ltr'><em>κατὰ</em></span> <span class='ocrx_word' id='word_1_56' title='bbox 1247 900 1309 985; x_wconf 73' lang='grc' dir='ltr'><strong>τὴν</strong></span> 
     </span>
     <span class='ocr_line' id='line_1_7' title="bbox 134 1002 1308 1098; baseline 0.003 -26"><span class='ocrx_word' id='word_1_57' title='bbox 134 1012 199 1072; x_wconf 79' lang='grc' dir='ltr'><strong>τῶν</strong></span> <span class='ocrx_word' id='word_1_58' title='bbox 215 1003 401 1094; x_wconf 77' lang='grc' dir='ltr'><em>δεηθέντων</em></span> <span class='ocrx_word' id='word_1_59' title='bbox 424 1002 492 1086; x_wconf 82' lang='grc' dir='ltr'><em>έξιν</em></span> <span class='ocrx_word' id='word_1_60' title='bbox 511 1028 547 1070; x_wconf 80' lang='grc' dir='ltr'><em>τε</em></span> <span class='ocrx_word' id='word_1_61' title='bbox 568 1004 624 1072; x_wconf 85' lang='grc' dir='ltr'><strong>καί</strong></span> <span class='ocrx_word' id='word_1_62' title='bbox 636 1002 759 1090; x_wconf 85' lang='grc' dir='ltr'><em>χρείαν,</em></span> <span class='ocrx_word' id='word_1_63' title='bbox 785 1002 874 1085; x_wconf 79' lang='grc' dir='ltr'><em>εἰκὸς</em></span> <span class='ocrx_word' id='word_1_64' title='bbox 896 1005 1004 1098; x_wconf 78' lang='grc' dir='ltr'><em>δήπου</em></span> <span class='ocrx_word' id='word_1_65' title='bbox 1018 1005 1060 1072; x_wconf 82' lang='grc' dir='ltr'><strong>τὰ</strong></span> <span class='ocrx_word' id='word_1_66' title='bbox 1078 1006 1139 1091; x_wconf 83' lang='grc' dir='ltr'><strong>μέν</strong></span> <span class='ocrx_word' id='word_1_67' title='bbox 1158 1003 1308 1076; x_wconf 77' lang='grc' dir='ltr'><em>ἐκτετάσ-</em></span> 
     </span>
     <span class='ocr_line' id='line_1_8' title="bbox 135 1109 1308 1205; baseline 0.001 -25"><span class='ocrx_word' id='word_1_68' title='bbox 135 1120 211 1198; x_wconf 83' lang='grc' dir='ltr'><em>θαι,</em></span> <span class='ocrx_word' id='word_1_69' title='bbox 232 1113 273 1179; x_wconf 84' lang='grc' dir='ltr'><strong>τὰ</strong></span> <span class='ocrx_word' id='word_1_70' title='bbox 291 1111 328 1179; x_wconf 80' lang='grc' dir='ltr'><strong>δὲ</strong></span> <span class='ocrx_word' id='word_1_71' title='bbox 342 1112 564 1179; x_wconf 77' lang='grc' dir='ltr'><em>συνεστάλθαι</em></span> <span class='ocrx_word' id='word_1_72' title='bbox 578 1112 636 1179; x_wconf 85' lang='grc' dir='ltr'><strong>καί</strong></span> <span class='ocrx_word' id='word_1_73' title='bbox 649 1113 710 1203; x_wconf 79' lang='grc' dir='ltr'><strong>νην</strong></span> <span class='ocrx_word' id='word_1_74' title='bbox 724 1111 897 1203; x_wconf 75' lang='grc' dir='ltr'><em>ἑρμηνείαν</em></span> <span class='ocrx_word' id='word_1_75' title='bbox 916 1109 1016 1205; x_wconf 78' lang='grc' dir='ltr'><em>αὐτήν</em></span> <span class='ocrx_word' id='word_1_76' title='bbox 1037 1139 1072 1180; x_wconf 81' lang='grc' dir='ltr'><em>σε</em></span> <span class='ocrx_word' id='word_1_77' title='bbox 1092 1119 1158 1181; x_wconf 80' lang='grc' dir='ltr'><strong>τῶν</strong></span> <span class='ocrx_word' id='word_1_78' title='bbox 1177 1120 1308 1205; x_wconf 90' lang='grc' dir='ltr'><em>θεωρη-</em></span> 
     </span>
     <span class='ocr_line' id='line_1_9' title="bbox 133 1214 1308 1312; baseline 0.001 -25"><span class='ocrx_word' id='word_1_79' title='bbox 133 1221 246 1306; x_wconf 84' lang='grc' dir='ltr'><em>μάτων</em></span> <span class='ocrx_word' id='word_1_80' title='bbox 260 1222 318 1311; x_wconf 77' lang='grc' dir='ltr'><strong>τὴν</strong></span> <span class='ocrx_word' id='word_1_81' title='bbox 334 1218 551 1287; x_wconf 78' lang='grc' dir='ltr'><em>διδασκαλίαν</em></span> <span class='ocrx_word' id='word_1_82' title='bbox 573 1214 597 1307; x_wconf 72' lang='grc' dir='ltr'><strong><em>ἢ</em></strong></span> <span class='ocrx_word' id='word_1_83' title='bbox 616 1220 747 1287; x_wconf 83' lang='grc' dir='ltr'><em>τελείαν</em></span> <span class='ocrx_word' id='word_1_84' title='bbox 768 1218 931 1308; x_wconf 74' lang='grc' dir='ltr'><em>ὑπάρχειν</em></span> <span class='ocrx_word' id='word_1_85' title='bbox 953 1217 973 1312; x_wconf 77' lang='grc' dir='ltr'>ἢ</span> <span class='ocrx_word' id='word_1_86' title='bbox 995 1220 1127 1312; x_wconf 82' lang='grc' dir='ltr'><em>έλλιπῆ.</em></span> <span class='ocrx_word' id='word_1_87' title='bbox 1148 1223 1193 1287; x_wconf 81' lang='grc' dir='ltr'><strong>τὰ</strong></span> <span class='ocrx_word' id='word_1_88' title='bbox 1217 1228 1308 1308; x_wconf 82' lang='grc' dir='ltr'><em>χοῦν</em></span> 
     </span>
     <span class='ocr_line' id='line_1_10' title="bbox 135 1324 1307 1419; baseline 0.002 -24"><span class='ocrx_word' id='word_1_89' title='bbox 135 1334 217 1408; x_wconf 78' lang='grc' dir='ltr'><em>τοῖς</em></span> <span class='ocrx_word' id='word_1_90' title='bbox 245 1325 470 1416; x_wconf 81' lang='grc' dir='ltr'><em>εἰρημένοις</em></span> <span class='ocrx_word' id='word_1_91' title='bbox 495 1327 751 1414; x_wconf 77' lang='grc' dir='ltr'><em>γεγραμμένα</em></span> <span class='ocrx_word' id='word_1_92' title='bbox 778 1326 979 1418; x_wconf 84' lang='grc' dir='ltr'><em>πρόδηλον</em></span> <span class='ocrx_word' id='word_1_93' title='bbox 1002 1324 1128 1419; x_wconf 81' lang='grc' dir='ltr'><em>δήπου</em></span> <span class='ocrx_word' id='word_1_94' title='bbox 1149 1327 1243 1418; x_wconf 78' lang='grc' dir='ltr'><em>μήτε</em></span> <span class='ocrx_word' id='word_1_95' title='bbox 1263 1330 1307 1397; x_wconf 85' lang='grc' dir='ltr'><strong>τὸ</strong></span> 
     </span>
     <span class='ocr_line' id='line_1_11' title="bbox 134 1433 1307 1526; baseline 0 -24"><span class='ocrx_word' id='word_1_96' title='bbox 134 1435 289 1503; x_wconf 77' lang='grc' dir='ltr'><em>τέλειον</em></span> <span class='ocrx_word' id='word_1_97' title='bbox 306 1441 356 1521; x_wconf 74' lang='grc' dir='ltr'><strong>τῇ</strong></span> <span class='ocrx_word' id='word_1_98' title='bbox 361 1463 378 1515; x_wconf 88' lang='grc' dir='ltr'><em>ς</em></span> <span class='ocrx_word' id='word_1_99' title='bbox 398 1436 665 1517; x_wconf 84' lang='grc' dir='ltr'><em>διδασκαλίας</em></span> <span class='ocrx_word' id='word_1_100' title='bbox 686 1435 788 1520; x_wconf 73' lang='grc' dir='ltr'><em>ἔχειν</em></span> <span class='ocrx_word' id='word_1_101' title='bbox 802 1433 854 1524; x_wconf 75' lang='grc' dir='ltr'><strong>μή</strong></span> <span class='ocrx_word' id='word_1_102' title='bbox 862 1463 902 1504; x_wconf 77' lang='grc' dir='ltr'><em>τε</em></span> <span class='ocrx_word' id='word_1_103' title='bbox 922 1437 965 1505; x_wconf 80' lang='grc' dir='ltr'><strong>τὸ</strong></span> <span class='ocrx_word' id='word_1_104' title='bbox 981 1436 1307 1526; x_wconf 79' lang='grc' dir='ltr'><em>διηκριβωμένον·</em></span> 
     </span>
     <span class='ocr_line' id='line_1_12' title="bbox 136 1534 1309 1631; baseline -0.003 -19"><span class='ocrx_word' id='word_1_105' title='bbox 136 1541 179 1624; x_wconf 78' lang='grc' dir='ltr'><strong>ὡς</strong></span> <span class='ocrx_word' id='word_1_106' title='bbox 194 1539 235 1611; x_wconf 72' lang='lat' dir='ltr'><strong>dv</strong></span> <span class='ocrx_word' id='word_1_107' title='bbox 250 1544 323 1612; x_wconf 79' lang='grc' dir='ltr'><em>οίίτε</em></span> <span class='ocrx_word' id='word_1_108' title='bbox 340 1543 505 1628; x_wconf 90' lang='grc' dir='ltr'><em>δεομένων</em></span> <span class='ocrx_word' id='word_1_109' title='bbox 519 1534 628 1612; x_wconf 74' lang='grc' dir='ltr'><em>αὐτῶν</em></span> <span class='ocrx_word' id='word_1_110' title='bbox 649 1541 722 1614; x_wconf 74' lang='lat' dir='ltr'><strong>oilae</strong></span> <span class='ocrx_word' id='word_1_111' title='bbox 745 1543 935 1629; x_wconf 84' lang='grc' dir='ltr'><em>δυναμένων</em></span> <span class='ocrx_word' id='word_1_112' title='bbox 955 1540 1102 1631; x_wconf 82' lang='grc' dir='ltr'><em>άκριβιῦς</em></span> <span class='ocrx_word' id='word_1_113' title='bbox 1120 1541 1309 1628; x_wconf 86' lang='grc' dir='ltr'><em>μανθάνειν</em></span> 
     </span>
     <span class='ocr_line' id='line_1_13' title="bbox 135 1648 1307 1740; baseline 0.001 -22"><span class='ocrx_word' id='word_1_114' title='bbox 135 1649 243 1718; x_wconf 86' lang='grc' dir='ltr'><em>πάντα</em></span> <span class='ocrx_word' id='word_1_115' title='bbox 264 1652 342 1737; x_wconf 81' lang='grc' dir='ltr'><em>πρὶν</em></span> <span class='ocrx_word' id='word_1_116' title='bbox 363 1649 430 1733; x_wconf 77' lang='grc' dir='ltr'><em>έξιν</em></span> <span class='ocrx_word' id='word_1_117' title='bbox 455 1654 529 1719; x_wconf 78' lang='grc' dir='ltr'><em>τινὰ</em></span> <span class='ocrx_word' id='word_1_118' title='bbox 552 1657 639 1734; x_wconf 86' lang='grc' dir='ltr'><em>σχεῖν</em></span> <span class='ocrx_word' id='word_1_119' title='bbox 657 1652 692 1720; x_wconf 84' lang='grc' dir='ltr'><strong>έν</strong></span> <span class='ocrx_word' id='word_1_120' title='bbox 710 1657 781 1732; x_wconf 76' lang='grc' dir='ltr'><em>τοῖς</em></span> <span class='ocrx_word' id='word_1_121' title='bbox 803 1648 1005 1737; x_wconf 88' lang='grc' dir='ltr'><em>άναχκαίοις.</em></span> <span class='ocrx_word' id='word_1_122' title='bbox 1045 1655 1084 1720; x_wconf 88' lang='lat' dir='ltr'><strong>In</strong></span> <span class='ocrx_word' id='word_1_123' title='bbox 1106 1657 1226 1720; x_wconf 80' lang='lat' dir='ltr'><strong>caussis</strong></span> <span class='ocrx_word' id='word_1_124' title='bbox 1247 1679 1307 1740; x_wconf 93' lang='lat' dir='ltr'><strong>po-</strong></span> 
     </span>
     <span class='ocr_line' id='line_1_14' title="bbox 135 1764 1308 1847; baseline 0 -19"><span class='ocrx_word' id='word_1_125' title='bbox 135 1767 219 1828; x_wconf 90' lang='lat' dir='ltr'><strong>terat</strong></span> <span class='ocrx_word' id='word_1_126' title='bbox 233 1764 349 1828; x_wconf 82' lang='lat' dir='ltr'><strong>addere</strong></span> <span class='ocrx_word' id='word_1_127' title='bbox 372 1765 580 1847; x_wconf 88' lang='lat' dir='ltr'><strong>(quamquam</strong></span> <span class='ocrx_word' id='word_1_128' title='bbox 594 1764 683 1829; x_wconf 86' lang='lat' dir='ltr'><strong>inest</strong></span> <span class='ocrx_word' id='word_1_129' title='bbox 699 1764 734 1828; x_wconf 89' lang='lat' dir='ltr'><strong>in</strong></span> <span class='ocrx_word' id='word_1_130' title='bbox 751 1764 1029 1846; x_wconf 70' lang='lat' dir='ltr'><strong>antecedentibus)</strong></span> <span class='ocrx_word' id='word_1_131' title='bbox 1053 1764 1140 1847; x_wconf 90' lang='lat' dir='ltr'><strong>quod</strong></span> <span class='ocrx_word' id='word_1_132' title='bbox 1155 1764 1308 1828; x_wconf 77' lang='lat' dir='ltr'><strong>scribenti</strong></span> 
     </span>
     <span class='ocr_line' id='line_1_15' title="bbox 135 1870 1307 1955; baseline -0.001 -20"><span class='ocrx_word' id='word_1_133' title='bbox 135 1893 195 1935; x_wconf 92' lang='lat' dir='ltr'><strong>nec</strong></span> <span class='ocrx_word' id='word_1_134' title='bbox 207 1893 342 1935; x_wconf 89' lang='lat' dir='ltr'><strong>vacuum</strong></span> <span class='ocrx_word' id='word_1_135' title='bbox 357 1893 416 1936; x_wconf 91' lang='lat' dir='ltr'><strong>nec</strong></span> <span class='ocrx_word' id='word_1_136' title='bbox 438 1870 642 1936; x_wconf 89' lang='lat' dir='ltr'><strong>commodum</strong></span> <span class='ocrx_word' id='word_1_137' title='bbox 665 1875 726 1952; x_wconf 86' lang='lat' dir='ltr'><strong>est,</strong></span> <span class='ocrx_word' id='word_1_138' title='bbox 754 1893 836 1954; x_wconf 88' lang='lat' dir='ltr'><strong>quae</strong></span> <span class='ocrx_word' id='word_1_139' title='bbox 857 1871 990 1954; x_wconf 77' lang='lat' dir='ltr'><strong>privatis</strong></span> <span class='ocrx_word' id='word_1_140' title='bbox 1011 1871 1188 1955; x_wconf 87' lang='lat' dir='ltr'><strong>parietibus</strong></span> <span class='ocrx_word' id='word_1_141' title='bbox 1211 1871 1307 1935; x_wconf 90' lang='lat' dir='ltr'><strong>desti·</strong></span> 
     </span>
     <span class='ocr_line' id='line_1_16' title="bbox 136 1977 1308 2063; baseline 0.001 -23"><span class='ocrx_word' id='word_1_142' title='bbox 136 1981 212 2041; x_wconf 85' lang='lat' dir='ltr'><strong>nata</strong></span> <span class='ocrx_word' id='word_1_143' title='bbox 226 1982 302 2041; x_wconf 89' lang='lat' dir='ltr'><strong>sunt</strong></span> <span class='ocrx_word' id='word_1_144' title='bbox 322 2000 447 2042; x_wconf 89' lang='lat' dir='ltr'><strong>summa</strong></span> <span class='ocrx_word' id='word_1_145' title='bbox 462 1978 630 2063; x_wconf 87' lang='lat' dir='ltr'><strong>diligentia</strong></span> <span class='ocrx_word' id='word_1_146' title='bbox 652 1978 826 2043; x_wconf 88' lang='lat' dir='ltr'><strong>elaborare.</strong></span> <span class='ocrx_word' id='word_1_147' title='bbox 864 1977 928 2042; x_wconf 78' lang='lat' dir='ltr'><strong>Sed</strong></span> <span class='ocrx_word' id='word_1_148' title='bbox 950 1978 1006 2061; x_wconf 93' lang='lat' dir='ltr'><strong>qui</strong></span> <span class='ocrx_word' id='word_1_149' title='bbox 1029 1977 1201 2062; x_wconf 89' lang='lat' dir='ltr'><strong>diligenter</strong></span> <span class='ocrx_word' id='word_1_150' title='bbox 1221 1999 1308 2042; x_wconf 88' lang='lat' dir='ltr'><strong>com-</strong></span> 
     </span>
     <span class='ocr_line' id='line_1_17' title="bbox 136 2078 1308 2170; baseline 0.001 -22"><span class='ocrx_word' id='word_1_151' title='bbox 136 2085 366 2149; x_wconf 87' lang='lat' dir='ltr'><strong>mentariorum</strong></span> <span class='ocrx_word' id='word_1_152' title='bbox 382 2085 538 2151; x_wconf 88' lang='lat' dir='ltr'><strong>elaborati</strong></span> <span class='ocrx_word' id='word_1_153' title='bbox 561 2092 669 2151; x_wconf 88' lang='lat' dir='ltr'><strong>essent</strong></span> <span class='ocrx_word' id='word_1_154' title='bbox 691 2082 744 2168; x_wconf 84' lang='grc' dir='ltr'><em>(υδι</em></span> <span class='ocrx_word' id='word_1_155' title='bbox 766 2078 979 2169; x_wconf 80' lang='grc' dir='ltr'><em>ἠκριβωμένα</em></span> <span class='ocrx_word' id='word_1_156' title='bbox 998 2078 1236 2170; x_wconf 79' lang='grc' dir='ltr'><em>ὑπομνήματα)</em></span> <span class='ocrx_word' id='word_1_157' title='bbox 1257 2086 1308 2149; x_wconf 91' lang='lat' dir='ltr'><strong>his</strong></span> 
     </span>
     <span class='ocr_line' id='line_1_18' title="bbox 136 2190 1308 2277; baseline -0.002 -21"><span class='ocrx_word' id='word_1_158' title='bbox 136 2215 227 2256; x_wconf 81' lang='lat' dir='ltr'><strong>suani</strong></span> <span class='ocrx_word' id='word_1_159' title='bbox 253 2193 480 2258; x_wconf 85' lang='lat' dir='ltr'><strong>auctoritatem</strong></span> <span class='ocrx_word' id='word_1_160' title='bbox 504 2193 663 2277; x_wconf 86' lang='lat' dir='ltr'><strong>Didymus</strong></span> <span class='ocrx_word' id='word_1_161' title='bbox 696 2215 762 2258; x_wconf 89' lang='lat' dir='ltr'><strong>non</strong></span> <span class='ocrx_word' id='word_1_162' title='bbox 789 2193 931 2277; x_wconf 89' lang='lat' dir='ltr'><strong>derogat.</strong></span> <span class='ocrx_word' id='word_1_163' title='bbox 977 2192 1072 2270; x_wconf 81' lang='lat' dir='ltr'><strong>Quod</strong></span> <span class='ocrx_word' id='word_1_164' title='bbox 1098 2192 1183 2274; x_wconf 88' lang='lat' dir='ltr'><strong>apud</strong></span> <span class='ocrx_word' id='word_1_165' title='bbox 1210 2190 1308 2257; x_wconf 82' lang='lat' dir='ltr'><strong>schol.</strong></span> 
     </span>
     <span class='ocr_line' id='line_1_19' title="bbox 135 2292 1309 2386; baseline -0.001 -23"><span class='ocrx_word' id='word_1_166' title='bbox 135 2299 299 2384; x_wconf 84' lang='lat' dir='ltr'><strong>Aristoph.</strong></span> <span class='ocrx_word' id='word_1_167' title='bbox 327 2299 411 2366; x_wconf 88' lang='lat' dir='ltr'><strong>Plut.</strong></span> <span class='ocrx_word' id='word_1_168' title='bbox 437 2306 496 2368; x_wconf 82' lang='lat'><strong>385</strong></span> <span class='ocrx_word' id='word_1_169' title='bbox 519 2301 657 2386; x_wconf 84' lang='lat' dir='ltr'><strong>legimus</strong></span> <span class='ocrx_word' id='word_1_170' title='bbox 678 2297 719 2364; x_wconf 81' lang='grc' dir='ltr'><strong>σὰ</strong></span> <span class='ocrx_word' id='word_1_171' title='bbox 749 2294 826 2364; x_wconf 90' lang='grc' dir='ltr'><em>λίαν</em></span> <span class='ocrx_word' id='word_1_172' title='bbox 854 2294 1131 2384; x_wconf 81' lang='grc' dir='ltr'><em>έπιτεσηδευμένα</em></span> <span class='ocrx_word' id='word_1_173' title='bbox 1158 2292 1309 2384; x_wconf 78' lang='grc' dir='ltr'><em>ὑπομνή-</em></span> 
     </span>
     <span class='ocr_line' id='line_1_20' title="bbox 134 2407 1307 2491; baseline 0.003 -23"><span class='ocrx_word' id='word_1_174' title='bbox 134 2429 224 2484; x_wconf 83' lang='grc' dir='ltr'><em>ματα</em></span> <span class='ocrx_word' id='word_1_175' title='bbox 250 2408 432 2491; x_wconf 88' lang='lat' dir='ltr'><strong>(antiquum</strong></span> <span class='ocrx_word' id='word_1_176' title='bbox 460 2408 606 2472; x_wconf 87' lang='lat' dir='ltr'><strong>scholion</strong></span> <span class='ocrx_word' id='word_1_177' title='bbox 629 2412 691 2487; x_wconf 87' lang='lat' dir='ltr'><strong>est,</strong></span> <span class='ocrx_word' id='word_1_178' title='bbox 718 2407 855 2472; x_wconf 87' lang='lat' dir='ltr'><strong>fortasse</strong></span> <span class='ocrx_word' id='word_1_179' title='bbox 880 2408 983 2491; x_wconf 91' lang='lat' dir='ltr'><strong>ipsius</strong></span> <span class='ocrx_word' id='word_1_180' title='bbox 1004 2407 1146 2491; x_wconf 88' lang='lat' dir='ltr'><strong>Didymi)</strong></span> <span class='ocrx_word' id='word_1_181' title='bbox 1174 2409 1307 2473; x_wconf 89' lang='lat' dir='ltr'><strong>eandem</strong></span> 
     </span>
     <span class='ocr_line' id='line_1_21' title="bbox 135 2513 1308 2599; baseline 0.001 -21"><span class='ocrx_word' id='word_1_182' title='bbox 135 2515 314 2598; x_wconf 89' lang='lat' dir='ltr'><strong>putaverim</strong></span> <span class='ocrx_word' id='word_1_183' title='bbox 328 2513 539 2580; x_wconf 89' lang='lat' dir='ltr'><strong>differentiam</strong></span> <span class='ocrx_word' id='word_1_184' title='bbox 554 2517 732 2580; x_wconf 87' lang='lat' dir='ltr'><strong>accuratius</strong></span> <span class='ocrx_word' id='word_1_185' title='bbox 746 2516 830 2579; x_wconf 91' lang='lat' dir='ltr'><strong>inter</strong></span> <span class='ocrx_word' id='word_1_186' title='bbox 845 2514 1028 2579; x_wconf 87' lang='lat' dir='ltr'><strong>elaboratos</strong></span> <span class='ocrx_word' id='word_1_187' title='bbox 1044 2518 1076 2578; x_wconf 90' lang='lat' dir='ltr'><strong>et</strong></span> <span class='ocrx_word' id='word_1_188' title='bbox 1090 2515 1308 2599; x_wconf 80' lang='lat' dir='ltr'><strong>perfunctorie</strong></span> 
     </span>
     <span class='ocr_line' id='line_1_22' title="bbox 137 2622 1308 2705; baseline 0.004 -19"><span class='ocrx_word' id='word_1_189' title='bbox 137 2626 281 2687; x_wconf 84' lang='lat' dir='ltr'><strong>exaratos</strong></span> <span class='ocrx_word' id='word_1_190' title='bbox 301 2623 583 2705; x_wconf 85' lang='lat' dir='ltr'><strong>grammaticorum</strong></span> <span class='ocrx_word' id='word_1_191' title='bbox 603 2623 849 2688; x_wconf 81' lang='lat' dir='ltr'><strong>commentarios</strong></span> <span class='ocrx_word' id='word_1_192' title='bbox 870 2622 1036 2704; x_wconf 89' lang='lat' dir='ltr'><strong>respicere.</strong></span> <span class='ocrx_word' id='word_1_193' title='bbox 1074 2623 1178 2689; x_wconf 85' lang='lat' dir='ltr'><strong>Schol.</strong></span> <span class='ocrx_word' id='word_1_194' title='bbox 1199 2626 1308 2690; x_wconf 68' lang='lat'>{1130</span> 
     </span>
     <span class='ocr_line' id='line_1_23' title="bbox 138 2721 1309 2815; baseline 0.001 -23"><span class='ocrx_word' id='word_1_195' title='bbox 138 2724 241 2814; x_wconf 85' lang='grc' dir='ltr'><em>φίλας</em></span> <span class='ocrx_word' id='word_1_196' title='bbox 262 2721 325 2792; x_wconf 83' lang='grc' dir='ltr'><strong>ἀνὰ</strong></span> <span class='ocrx_word' id='word_1_197' title='bbox 350 2732 477 2812; x_wconf 72' lang='grc' dir='ltr'><em>χεῖραςε</em></span> <span class='ocrx_word' id='word_1_198' title='bbox 502 2726 536 2793; x_wconf 85' lang='grc' dir='ltr'><strong>έν</strong></span> <span class='ocrx_word' id='word_1_199' title='bbox 565 2732 638 2805; x_wconf 81' lang='grc' dir='ltr'><em>ταῖς</em></span> <span class='ocrx_word' id='word_1_200' title='bbox 662 2726 896 2815; x_wconf 80' lang='grc' dir='ltr'><em>έξηνασμέναις</em></span> <span class='ocrx_word' id='word_1_201' title='bbox 924 2721 1139 2813; x_wconf 78' lang='grc' dir='ltr'><em>Ἀριστάρχου</em></span> <span class='ocrx_word' id='word_1_202' title='bbox 1171 2725 1309 2812; x_wconf 74' lang='grc' dir='ltr'><em>βαρείας</em></span> 
     </span>
     <span class='ocr_line' id='line_1_24' title="bbox 135 2832 1353 2924; baseline 0.002 -24"><span class='ocrx_word' id='word_1_203' title='bbox 135 2838 253 2920; x_wconf 86' lang='grc' dir='ltr'><em>χεῖρας.</em></span> <span class='ocrx_word' id='word_1_204' title='bbox 297 2837 332 2905; x_wconf 79' lang='lat' dir='ltr'><strong>Si</strong></span> <span class='ocrx_word' id='word_1_205' title='bbox 360 2839 585 2924; x_wconf 88' lang='lat' dir='ltr'><strong>corrigendum</strong></span> <span class='ocrx_word' id='word_1_206' title='bbox 607 2841 656 2901; x_wconf 88' lang='lat' dir='ltr'><strong>est</strong></span> <span class='ocrx_word' id='word_1_207' title='bbox 678 2833 712 2899; x_wconf 85' lang='grc' dir='ltr'><strong>έν</strong></span> <span class='ocrx_word' id='word_1_208' title='bbox 733 2837 804 2912; x_wconf 82' lang='grc' dir='ltr'><em>τοῖς</em></span> <span class='ocrx_word' id='word_1_209' title='bbox 825 2832 1056 2921; x_wconf 78' lang='grc' dir='ltr'><em>έξηυασμένοις</em></span> <span class='ocrx_word' id='word_1_210' title='bbox 1078 2839 1207 2903; x_wconf 85' lang='lat' dir='ltr'><strong>eosdem</strong></span> <span class='ocrx_word' id='word_1_211' title='bbox 1230 2839 1309 2903; x_wconf 87' lang='lat' dir='ltr'><strong>dixit</strong></span> <span class='ocrx_word' id='word_1_212' title='bbox 1322 2851 1353 2902; x_wconf 84' lang='lat'><strong>23</strong></span> 
     </span>
     <span class='ocr_line' id='line_1_25' title="bbox 137 2938 1309 3031; baseline 0.002 -23"><span class='ocrx_word' id='word_1_213' title='bbox 137 2945 390 3023; x_wconf 80' lang='lat' dir='ltr'><strong>commentarios,</strong></span> <span class='ocrx_word' id='word_1_214' title='bbox 406 2967 488 3029; x_wconf 88' lang='lat' dir='ltr'><strong>quos</strong></span> <span class='ocrx_word' id='word_1_215' title='bbox 502 2946 555 3010; x_wconf 86' lang='lat' dir='ltr'><strong>hic</strong></span> <span class='ocrx_word' id='word_1_216' title='bbox 572 2938 831 3031; x_wconf 74' lang='grc' dir='ltr'><em>ἦκριβωμένουςε</em></span> <span class='ocrx_word' id='word_1_217' title='bbox 853 2944 902 3007; x_wconf 91' lang='lat' dir='ltr'><strong>sin</strong></span> <span class='ocrx_word' id='word_1_218' title='bbox 916 2947 1002 3008; x_wconf 89' lang='lat' dir='ltr'><strong>recte</strong></span> <span class='ocrx_word' id='word_1_219' title='bbox 1017 2944 1172 3028; x_wconf 92' lang='lat' dir='ltr'><strong>scriptum</strong></span> <span class='ocrx_word' id='word_1_220' title='bbox 1188 2941 1221 3008; x_wconf 84' lang='grc' dir='ltr'><strong>έν</strong></span> <span class='ocrx_word' id='word_1_221' title='bbox 1236 2948 1309 3023; x_wconf 80' lang='grc' dir='ltr'><em>ταῖς</em></span> 
     </span>
     <span class='ocr_line' id='line_1_26' title="bbox 138 3047 1307 3138; baseline 0.003 -24"><span class='ocrx_word' id='word_1_222' title='bbox 138 3047 372 3136; x_wconf 80' lang='grc' dir='ltr'><em>ε’ξητασμέναις</em></span> <span class='ocrx_word' id='word_1_223' title='bbox 396 3053 536 3138; x_wconf 84' lang='lat' dir='ltr'><strong>intelligi</strong></span> <span class='ocrx_word' id='word_1_224' title='bbox 561 3052 632 3117; x_wconf 87' lang='lat' dir='ltr'><strong>vult</strong></span> <span class='ocrx_word' id='word_1_225' title='bbox 657 3052 807 3117; x_wconf 89' lang='lat' dir='ltr'><strong>editionis</strong></span> <span class='ocrx_word' id='word_1_226' title='bbox 831 3051 1052 3116; x_wconf 83' lang='lat' dir='ltr'><strong>Aristarcheae</strong></span> <span class='ocrx_word' id='word_1_227' title='bbox 1075 3053 1267 3136; x_wconf 85' lang='lat' dir='ltr'><strong>exemplaria</strong></span> <span class='ocrx_word' id='word_1_228' title='bbox 1288 3076 1307 3117; x_wconf 87' lang='lat' dir='ltr'><strong>a</strong></span> 
     </span>
     <span class='ocr_line' id='line_1_27' title="bbox 139 3159 1093 3244; baseline 0.002 -22"><span class='ocrx_word' id='word_1_229' title='bbox 139 3159 397 3244; x_wconf 84' lang='lat' dir='ltr'><strong>diligentioribus</strong></span> <span class='ocrx_word' id='word_1_230' title='bbox 417 3160 555 3225; x_wconf 87' lang='lat' dir='ltr'><strong>librariis</strong></span> <span class='ocrx_word' id='word_1_231' title='bbox 578 3160 737 3244; x_wconf 88' lang='lat' dir='ltr'><strong>descripta</strong></span> <span class='ocrx_word' id='word_1_232' title='bbox 759 3163 791 3224; x_wconf 93' lang='lat' dir='ltr'><strong>et</strong></span> <span class='ocrx_word' id='word_1_233' title='bbox 813 3161 896 3224; x_wconf 90' lang='lat' dir='ltr'><strong>bene</strong></span> <span class='ocrx_word' id='word_1_234' title='bbox 920 3164 1062 3225; x_wconf 89' lang='lat' dir='ltr'><strong>correcta</strong></span> <span class='ocrx_word' id='word_1_235' title='bbox 1072 3162 1093 3224; x_wconf 80' lang='lat'><strong>⁶.</strong></span> 
     </span>
    </p>
   </div>
   <div class='ocr_carea' id='block_1_3' title="bbox 136 3358 1373 4092">
    <p class='ocr_par' dir='ltr' id='par_1_3' title="bbox 136 3358 1373 4092">
     <span class='ocr_line' id='line_1_28' title="bbox 220 3358 1307 3444; baseline 0.001 -19"><span class='ocrx_word' id='word_1_236' title='bbox 220 3361 238 3442; x_wconf 64' lang='grc' dir='ltr'>ἓ</span> <span class='ocrx_word' id='word_1_237' title='bbox 261 3369 288 3425; x_wconf 88' lang='grc'><strong>5.</strong></span> <span class='ocrx_word' id='word_1_238' title='bbox 329 3359 425 3424; x_wconf 89' lang='lat' dir='ltr'><strong>Hunc</strong></span> <span class='ocrx_word' id='word_1_239' title='bbox 450 3360 624 3444; x_wconf 90' lang='lat' dir='ltr'><strong>Didymum</strong></span> <span class='ocrx_word' id='word_1_240' title='bbox 654 3360 787 3442; x_wconf 91' lang='lat' dir='ltr'><strong>eiusque</strong></span> <span class='ocrx_word' id='word_1_241' title='bbox 812 3359 847 3421; x_wconf 90' lang='lat' dir='ltr'><strong>in</strong></span> <span class='ocrx_word' id='word_1_242' title='bbox 873 3358 1087 3423; x_wconf 88' lang='lat' dir='ltr'><strong>Aristarcheis</strong></span> <span class='ocrx_word' id='word_1_243' title='bbox 1112 3358 1307 3426; x_wconf 88' lang='lat' dir='ltr'><strong>lectionibus</strong></span> 
     </span>
     <span class='ocr_line' id='line_1_29' title="bbox 138 3465 1373 3552; baseline 0 -21"><span class='ocrx_word' id='word_1_244' title='bbox 138 3467 341 3551; x_wconf 83' lang='lat' dir='ltr'><strong>exquirendis</strong></span> <span class='ocrx_word' id='word_1_245' title='bbox 355 3468 494 3551; x_wconf 91' lang='lat' dir='ltr'><strong>positam</strong></span> <span class='ocrx_word' id='word_1_246' title='bbox 510 3490 640 3552; x_wconf 90' lang='lat' dir='ltr'><strong>operam</strong></span> <span class='ocrx_word' id='word_1_247' title='bbox 653 3466 794 3531; x_wconf 90' lang='lat' dir='ltr'><strong>Wolfius</strong></span> <span class='ocrx_word' id='word_1_248' title='bbox 810 3466 836 3529; x_wconf 92' lang='lat' dir='ltr'><strong>si</strong></span> <span class='ocrx_word' id='word_1_249' title='bbox 857 3467 1062 3551; x_wconf 88' lang='lat' dir='ltr'><strong>cognovisset</strong></span> <span class='ocrx_word' id='word_1_250' title='bbox 1075 3465 1199 3545; x_wconf 83' lang='lat' dir='ltr'><strong>melius,</strong></span> <span class='ocrx_word' id='word_1_251' title='bbox 1220 3467 1307 3533; x_wconf 88' lang='lat' dir='ltr'><strong>hune</strong></span> <span class='ocrx_word' id='word_1_252' title='bbox 1319 3477 1373 3547; x_wconf 78' lang='lat'>(27)</span> 
     </span>
     <span class='ocr_line' id='line_1_30' title="bbox 138 3572 1308 3660; baseline 0.002 -23"><span class='ocrx_word' id='word_1_253' title='bbox 138 3575 166 3638; x_wconf 89' lang='lat' dir='ltr'><strong>si</strong></span> <span class='ocrx_word' id='word_1_254' title='bbox 192 3575 350 3639; x_wconf 88' lang='lat' dir='ltr'><strong>tenuisset</strong></span> <span class='ocrx_word' id='word_1_255' title='bbox 370 3575 546 3660; x_wconf 86' lang='lat' dir='ltr'><strong>Didymum</strong></span> <span class='ocrx_word' id='word_1_256' title='bbox 568 3597 653 3653; x_wconf 87' lang='lat' dir='ltr'><strong>esse,</strong></span> <span class='ocrx_word' id='word_1_257' title='bbox 684 3575 740 3657; x_wconf 91' lang='lat' dir='ltr'><strong>qui</strong></span> <span class='ocrx_word' id='word_1_258' title='bbox 761 3596 819 3657; x_wconf 91' lang='lat' dir='ltr'><strong>per</strong></span> <span class='ocrx_word' id='word_1_259' title='bbox 840 3578 909 3638; x_wconf 87' lang='lat' dir='ltr'><strong>tota</strong></span> <span class='ocrx_word' id='word_1_260' title='bbox 931 3573 1053 3637; x_wconf 87' lang='lat' dir='ltr'><strong>scholia</strong></span> <span class='ocrx_word' id='word_1_261' title='bbox 1076 3572 1211 3655; x_wconf 85' lang='lat' dir='ltr'><strong>duplicis</strong></span> <span class='ocrx_word' id='word_1_262' title='bbox 1233 3573 1308 3639; x_wconf 84' lang='lat' dir='ltr'><strong>Ari-</strong></span> 
     </span>
     <span class='ocr_line' id='line_1_31' title="bbox 138 3679 1309 3766; baseline 0.001 -21"><span class='ocrx_word' id='word_1_263' title='bbox 138 3682 301 3746; x_wconf 86' lang='lat' dir='ltr'><strong>starcheae</strong></span> <span class='ocrx_word' id='word_1_264' title='bbox 330 3683 479 3747; x_wconf 88' lang='lat' dir='ltr'><strong>editionis</strong></span> <span class='ocrx_word' id='word_1_265' title='bbox 510 3682 666 3747; x_wconf 87' lang='lat' dir='ltr'><strong>lectiones</strong></span> <span class='ocrx_word' id='word_1_266' title='bbox 700 3682 847 3765; x_wconf 84' lang='lat' dir='ltr'><strong>apponit,</strong></span> <span class='ocrx_word' id='word_1_267' title='bbox 879 3704 1044 3765; x_wconf 87' lang='lat' dir='ltr'><strong>nunquam</strong></span> <span class='ocrx_word' id='word_1_268' title='bbox 1072 3679 1128 3744; x_wconf 90' lang='lat' dir='ltr'><strong>ille</strong></span> <span class='ocrx_word' id='word_1_269' title='bbox 1157 3687 1309 3766; x_wconf 85' lang='lat' dir='ltr'><strong>negasset</strong></span> 
     </span>
     <span class='ocr_line' id='line_1_32' title="bbox 139 3784 1308 3872; baseline 0.002 -21"><span class='ocrx_word' id='word_1_270' title='bbox 139 3788 299 3872; x_wconf 87' lang='lat' dir='ltr'><strong>duplicem</strong></span> <span class='ocrx_word' id='word_1_271' title='bbox 320 3790 497 3856; x_wconf 80' lang='lat' dir='ltr'><strong>Aristarchi</strong></span> <span class='ocrx_word' id='word_1_272' title='bbox 525 3791 700 3855; x_wconf 86' lang='lat' dir='ltr'><strong>editionem</strong></span> <span class='ocrx_word' id='word_1_273' title='bbox 721 3789 820 3853; x_wconf 87' lang='lat' dir='ltr'><strong>fuisse</strong></span> <span class='ocrx_word' id='word_1_274' title='bbox 842 3790 884 3871; x_wconf 88' lang='lat' dir='ltr'><strong>(p.</strong></span> <span class='ocrx_word' id='word_1_275' title='bbox 907 3784 1126 3870; x_wconf 79' lang='lat' dir='ltr'><strong>OCXXXVII).</strong></span> <span class='ocrx_word' id='word_1_276' title='bbox 1163 3789 1208 3853; x_wconf 82' lang='lat' dir='ltr'><strong>At</strong></span> <span class='ocrx_word' id='word_1_277' title='bbox 1229 3790 1308 3855; x_wconf 83' lang='lat' dir='ltr'><strong>Arn-</strong></span> 
     </span>
     <span class='ocr_line' id='line_1_33' title="bbox 138 3887 1306 3978; baseline 0 -18"><span class='ocrx_word' id='word_1_278' title='bbox 138 3897 274 3976; x_wconf 85' lang='lat' dir='ltr'><strong>monius‚</strong></span> <span class='ocrx_word' id='word_1_279' title='bbox 295 3897 473 3963; x_wconf 83' lang='lat' dir='ltr'><strong>Aristarchi</strong></span> <span class='ocrx_word' id='word_1_280' title='bbox 494 3898 622 3962; x_wconf 88' lang='lat' dir='ltr'><strong>auditor</strong></span> <span class='ocrx_word' id='word_1_281' title='bbox 640 3900 672 3960; x_wconf 91' lang='lat' dir='ltr'><strong>et</strong></span> <span class='ocrx_word' id='word_1_282' title='bbox 692 3896 726 3960; x_wconf 90' lang='lat' dir='ltr'><strong>in</strong></span> <span class='ocrx_word' id='word_1_283' title='bbox 749 3896 860 3960; x_wconf 90' lang='lat' dir='ltr'><strong>schola</strong></span> <span class='ocrx_word' id='word_1_284' title='bbox 881 3917 1045 3960; x_wconf 89' lang='lat' dir='ltr'><strong>successor</strong></span> <span class='ocrx_word' id='word_1_285' title='bbox 1066 3887 1267 3978; x_wconf 74' lang='grc' dir='ltr'><em>(Ἀμμώνιος</em></span> <span class='ocrx_word' id='word_1_286' title='bbox 1288 3890 1306 3959; x_wconf 84' lang='grc' dir='ltr'>ὁ</span> 
     </span>
     <span class='ocr_line' id='line_1_34' title="bbox 136 3995 1307 4092; baseline 0.003 -27"><span class='ocrx_word' id='word_1_287' title='bbox 136 3995 390 4088; x_wconf 77' lang='grc' dir='ltr'><em>Ἀριστάρχειος,</em></span> <span class='ocrx_word' id='word_1_288' title='bbox 413 3999 431 4071; x_wconf 84' lang='grc' dir='ltr'><strong>ὁ</strong></span> <span class='ocrx_word' id='word_1_289' title='bbox 447 4001 682 4086; x_wconf 84' lang='grc' dir='ltr'><em>διαδεξάμενος</em></span> <span class='ocrx_word' id='word_1_290' title='bbox 701 4001 759 4090; x_wconf 82' lang='grc' dir='ltr'><strong>τὴν</strong></span> <span class='ocrx_word' id='word_1_291' title='bbox 775 3997 897 4092; x_wconf 82' lang='grc' dir='ltr'><em>σχολήν</em></span> <span class='ocrx_word' id='word_1_292' title='bbox 920 4007 952 4067; x_wconf 88' lang='grc' dir='ltr'><em>Κ</em></span> <span class='ocrx_word' id='word_1_293' title='bbox 966 4007 1047 4086; x_wconf 83' lang='grc'>397),</span> <span class='ocrx_word' id='word_1_294' title='bbox 1069 4003 1186 4068; x_wconf 89' lang='lat' dir='ltr'><strong>librum</strong></span> <span class='ocrx_word' id='word_1_295' title='bbox 1207 4005 1307 4087; x_wconf 88' lang='lat' dir='ltr'><strong>scrip·</strong></span> 
     </span>
    </p>
   </div>
   <div class='ocr_carea' id='block_1_4' title="bbox 138 4173 347 4184">
    <p class='ocr_par' dir='ltr' id='par_1_4' title="bbox 138 4173 347 4184">
     <span class='ocr_line' id='line_1_35' title="bbox 138 4173 347 4184; baseline 0.01 -2"><span class='ocrx_word' id='word_1_296' title='bbox 138 4173 347 4184; x_wconf 72' lang='lat'><em>———.—</em></span> 
     </span>
    </p>
   </div>
   <div class='ocr_carea' id='block_1_5' title="bbox 206 4267 1308 4342">
    <p class='ocr_par' dir='ltr' id='par_1_5' title="bbox 206 4267 1308 4342">
     <span class='ocr_line' id='line_1_36' title="bbox 206 4267 1308 4342; baseline -0.005 -19"><span class='ocrx_word' id='word_1_297' title='bbox 206 4271 260 4323; x_wconf 82' lang='grc' dir='ltr'><strong>6Α</strong></span> <span class='ocrx_word' id='word_1_298' title='bbox 278 4273 441 4342; x_wconf 75' lang='grc' dir='ltr'><em>διορθωιῇι</em></span> <span class='ocrx_word' id='word_1_299' title='bbox 460 4271 494 4324; x_wconf 91' lang='lat' dir='ltr'><strong>de</strong></span> <span class='ocrx_word' id='word_1_300' title='bbox 507 4288 562 4339; x_wconf 90' lang='lat' dir='ltr'><strong>quo</strong></span> <span class='ocrx_word' id='word_1_301' title='bbox 574 4269 644 4324; x_wconf 91' lang='lat' dir='ltr'><strong>mihi</strong></span> <span class='ocrx_word' id='word_1_302' title='bbox 656 4268 711 4323; x_wconf 87' lang='lat' dir='ltr'><strong>alio</strong></span> <span class='ocrx_word' id='word_1_303' title='bbox 730 4268 955 4323; x_wconf 85' lang='lat' dir='ltr'><strong>dissertationum</strong></span> <span class='ocrx_word' id='word_1_304' title='bbox 969 4268 1119 4324; x_wconf 82' lang='lat' dir='ltr'><strong>Aristaroh.</strong></span> <span class='ocrx_word' id='word_1_305' title='bbox 1138 4269 1199 4323; x_wconf 91' lang='lat' dir='ltr'><strong>loco</strong></span> <span class='ocrx_word' id='word_1_306' title='bbox 1218 4267 1308 4320; x_wconf 89' lang='lat' dir='ltr'><strong>dioen-</strong></span> 
     </span>
    </p>
   </div>
   <div class='ocr_carea' id='block_1_6' title="bbox 51 4354 271 4409">
    <p class='ocr_par' dir='ltr' id='par_1_6' title="bbox 51 4354 271 4409">
     <span class='ocr_line' id='line_1_37' title="bbox 51 4354 271 4409; baseline 0.014 -3"><span class='ocrx_word' id='word_1_307' title='bbox 51 4355 54 4374; x_wconf 94' lang='lat'>¹</span> <span class='ocrx_word' id='word_1_308' title='bbox 140 4354 207 4408; x_wconf 91' lang='lat' dir='ltr'><strong>dum</strong></span> <span class='ocrx_word' id='word_1_309' title='bbox 223 4358 271 4409; x_wconf 86' lang='lat' dir='ltr'><strong>est.</strong></span> 
     </span>
    </p>
   </div>
   <div class='ocr_carea' id='block_1_7' title="bbox 0 0 1508 4980">
    <p class='ocr_par' dir='ltr' id='par_1_7' title="bbox 0 0 1508 4980">
     <span class='ocr_line' id='line_1_38' title="bbox 0 0 1508 4980; baseline 0 0"><span class='ocrx_word' id='word_1_310' title='bbox 0 0 1508 4980; x_wconf 95' lang='lat' dir='ltr'><strong> </strong></span> 
     </span>
    </p>
   </div>
  </div>
 </body>
</html>
