3008 4980
204 295 264 359 360
502 284 535 339 V.
561 282 603 339 De
620 283 723 340 criticis
740 283 893 342 Aristarchi
910 283 1072 342 rationibus.

205 455 387 521 starcheum
401 445 549 518 έσιδεόει
564 452 627 536 (vel
642 454 750 539 potius
766 448 916 540 ἕπιδεόη)
925 453 978 521 ²⁵⁸.
999 453 1131 518 Etenim
1144 456 1236 539 patet
1250 456 1371 521 etiamsi

139 574 188 624 ³66
206 586 271 630 non
297 563 519 647 propendebat
539 563 673 628 Homeri
699 583 802 627 sermo
831 562 872 628 ad
899 562 1112 629 omittendum
1136 562 1272 627 verbum
1297 564 1370 628 suh·

205 671 379 736 stantivum
393 671 533 756 exceptis
547 670 658 735 formis
675 665 744 734 ἐστι’
758 674 791 735 et
807 662 881 747 εἰσί,
898 674 1008 735 tamen
1022 670 1149 735 nonita
1167 671 1373 736 constrictum

203 779 301 845 fuisse
326 781 456 863 poetam
478 778 555 861 quin
577 778 604 842 si
626 778 754 862 quando
776 779 982 845 commodum
1004 780 1089 843 esset
1111 781 1145 842 et
1164 799 1223 861 per
1244 782 1372 844 senten-

204 888 283 952 tiam
309 885 504 972 ambiguitas
527 886 721 950 devitaretur
748 887 834 969 (nam
854 885 917 951 hcc
938 885 1001 949 nisi
1021 885 1068 949 ita
1089 888 1139 950 est
1159 885 1288 952 auditor
1309 910 1373 953 non

204 997 305 1061 fertur
330 994 393 1058 nisi
416 993 457 1057 ad
477 993 604 1058 tertiam
625 1015 796 1077 personam
817 992 1041 1078 supplendam)
1064 991 1136 1057 aliis
1158 1015 1289 1078 quoque
1310 994 1374 1060 for-

124 1110 195 1179 (382)
207 1105 267 1168 mis
283 1124 389 1168 carere
408 1104 526 1186 posset.
562 1099 616 1167 Sic
638 1101 859 1166 coniunctivus
881 1089 902 1190 ᾗ
925 1100 993 1165 eius
1014 1099 1121 1164 animo
1146 1100 1375 1167 obversabatur

206 1213 312 1279 Ε481
336 1200 486 1295 κτήματα
513 1245 554 1255 -
578 1202 620 1271 τά
641 1201 667 1271 τ’
696 1202 828 1272 έλδεται
850 1203 887 1284 ὅς
908 1199 935 1270 κ’
961 1200 1126 1293 εἰτιδευής.
1165 1207 1222 1292 Ec,
1250 1209 1373 1295 opinor,

206 1322 242 1381 N
259 1323 319 1385 335
341 1309 387 1392 ὡς
409 1309 440 1380 δ’
464 1308 519 1381 ὅθ’
543 1309 610 1381 ὑπὸ
633 1311 751 1399 λιγέων
772 1309 903 1398 άνέμων
924 1309 1110 1400 σπέρχωσιν
1131 1307 1251 1380 άελλαι
1273 1309 1376 1404 ἠματι

205 1428 250 1510 τῷ
275 1420 330 1489 ὅτε
355 1445 390 1487 τε
410 1417 547 1509 πλείστη
573 1417 665 1500 κόνις
687 1417 775 1511 ἀμφὶ
796 1415 986 1499 κελεύθους.
1023 1422 1068 1489 Et
1093 1422 1240 1489 futurum
1267 1425 1375 1510 potius

207 1556 303 1619 quam
328 1553 480 1618 praesens
507 1531 527 1610 ξ
546 1536 606 1600 394
635 1522 707 1594 ttt'
730 1522 789 1612 άγε
810 1532 866 1594 νῦν
887 1522 1008 1616 ῥήτρην
1028 1521 1244 1616 ποιησόμεθ’,
1272 1524 1375 1615 αὐτὰρ

207 1633 352 1706 όιιισθεν
378 1638 440 1721 (vel
460 1642 497 1704 ut
519 1638 574 1704 alii
593 1633 754 1722 ὕπερθεν)
780 1631 944 1722 μάρτυροι
964 1629 1187 1720 ἀμφοτέροισι
1208 1632 1304 1722 θεοί,
1324 1637 1377 1704 τοὶ

198 1740 375 1828 Ὄλυμπον
401 1740 512 1825 έχουσι
537 1754 579 1827 (v.
600 1749 639 1810 Α
656 1751 726 1815 338.
753 1749 789 1808 Χ
809 1749 892 1828 255).
934 1744 972 1810 In
999 1767 1063 1829 quo
1089 1767 1156 1810 non
1181 1745 1301 1811 iniuria
1328 1748 1375 1813 di·

206 1856 289 1922 xeris
305 1878 344 1919 ex
359 1855 568 1920 antecedente
582 1856 680 1921 verbo
695 1876 762 1919 non
784 1857 821 1917 ut
842 1875 936 1937 saepe
957 1853 996 1919 fit
1015 1852 1155 1917 radicem
1178 1854 1299 1919 assumi
1321 1856 1376 1921 sed

207 1968 342 2047 tempus.
383 1961 537 2027 Attamen
559 1962 691 2027 ethaeo
712 1961 874 2027 rarissima
895 1964 983 2039 sunt,
1010 1963 1043 2026 et
1065 1961 1104 2025 de
1123 1960 1313 2044 imperfecto
1335 1985 1376 2027 an

207 2091 290 2134 unus
305 2069 347 2132 sit
359 2067 450 2134 locus
464 2069 631 2152 incertum,
654 2091 848 2154 quamquam
862 2091 922 2134 nec
935 2068 998 2134 hoc
1018 2066 1149 2132 omnino
1170 2067 1376 2134 interdictum

208 2176 306 2242 fuisse
328 2176 515 2261 putaverim
554 2182 585 2239 T
603 2184 642 2245 40
665 2199 735 2261 sqq.

291 2276 391 2367 αὐτὰρ
414 2277 432 2348 ό
453 2285 499 2369 βή
518 2281 612 2369 παρὰ
634 2285 716 2348 θῖνα
736 2279 911 2370 θαλάσσης
931 2285 1003 2362 δῖος
1020 2278 1191 2366 Ἀχιλλεὺς

291 2386 479 2475 σμερδαλέα
500 2383 611 2471 ἰάχων,
636 2381 738 2475 ὦρσεν
760 2384 791 2456 δ’
815 2387 928 2476 ἠρωας
945 2385 1113 2473 Ἀχαιοός·

290 2492 349 2562 καί
369 2491 394 2583 ῥ’
420 2497 515 2585 οἵιιερ
536 2497 574 2565 τὸ
596 2491 705 2585 πάρος
726 2521 762 2584 γε
784 2502 864 2564 νεῶν
887 2495 921 2563 ἒν
942 2491 1047 2583 ἀγῶνι
1066 2495 1236 2583 μένεσκον,

293 2605 381 2671 οἵτε
401 2608 599 2694 κυβερνῆται
621 2603 677 2672 καὶ
694 2601 767 2688 ἔχον
791 2599 884 2695 οἶήϊα
907 2609 992 2694 νηῶν

292 2713 349 2780 καὶ
368 2709 487 2798 ταμίαι
505 2712 600 2797 παρὰ
623 2712 733 2801 νηυσὶν
756 2709 835 2780 έσαν
854 2756 893 2766 -

210 2825 273 2903 Qui
287 2824 401 2889 harum
414 2847 520 2890 rerum
541 2821 690 2910 peritiam
710 2831 903 2907 sensumque
925 2823 1055 2904 habent,
1076 2825 1188 2890 nolent
1211 2824 1316 2890 dicere
1337 2825 1378 2890 ad

211 2930 299 2995 οἵτε
320 2933 518 3019 κυβερνῆται
540 2933 753 3018 supplendum
776 2954 844 2997 esse
865 2921 967 3017 ἠσαν,
999 2932 1057 2998 sed
1078 2933 1277 3016 subsequens
1300 2925 1378 2996 ἔσαν

211 3040 322 3104 eodem
337 3040 485 3125 pertinet,
508 3063 703 3125 quamquam
716 3041 869 3123 abreptus
882 3042 979 3123 poeta
1001 3039 1209 3106 enumerandi
1230 3042 1263 3103 et
1284 3038 1378 3104 simul

210 3146 365 3231 pingendi
379 3148 492 3213 ardore
506 3146 579 3212 illos
601 3147 833 3231 gubernatores
854 3147 958 3212 vivide
981 3148 1197 3232 descripturus
1218 3146 1378 3211 interiecit

211 3250 267 3318 καὶ
288 3248 361 3333 έχον
385 3247 480 3340 ολήϊα
500 3257 595 3340 νηῶν,
618 3255 664 3319 ita
684 3274 822 3340 pergens
844 3255 935 3338 quasi
958 3256 1089 3321 dixisset
1111 3248 1244 3334 ἔχοντες.
1268 3291 1304 3302 -
1328 3253 1377 3318 De

216 3362 244 3424 Θ
264 3367 324 3430 230
347 3365 411 3426 stat
427 3362 506 3427 mihi
529 3362 702 3428 sententia:

293 3471 342 3557 πῇ
364 3463 444 3551 ἔβαν
465 3462 615 3549 εὐχωλαί,
643 3464 698 3535 ὅτε
720 3465 760 3557 δή
786 3467 895 3558 φάμεν
916 3460 1001 3535 εἶναι
1023 3460 1171 3553 άριστοι,·

294 3572 343 3653 dg,
369 3568 462 3641 ὁπότ’
487 3573 522 3640 έν
542 3570 684 3662 Λήμνῳ,
709 3573 895 3659 κενεαυχέες
915 3571 1118 3663 ἠγοράασθε.

211 3681 393 3748 Verisimile
419 3689 468 3749 est
489 3685 710 3751 Aristarchum
731 3678 928 3772 ἠγοράασθε
950 3686 1138 3771 explicuisse
1160 3677 1376 3771 ἠθροίζεσθε,

211 3793 248 3854 ut
274 3790 427 3874 explicuit
455 3784 487 3855 oi
514 3785 550 3855 δέ
575 3788 654 3856 θεοὶ
679 3789 748 3877 πάρ
770 3791 851 3880 Ζηνὶ
874 3787 1066 3881 καθήμενσι
1086 3786 1277 3880 ἠγορόωντο
1299 3794 1331 3855 Δ
1354 3801 1379 3870 1,

212 3897 268 3962 ubi
293 3898 365 3962 vide
386 3898 608 3983 Porphyrium.
648 3899 738 3987 Ergo
760 3901 793 3965 in
816 3894 910 3967 ὁπότ’
936 3897 970 3966 έν
989 3895 1120 3989 Λήμνηι
1142 3899 1297 3966 omissum
1318 3899 1378 3965 erit

258 4160 260 4164 ¹
279 4098 316 4139 2⁵8
334 4098 363 4150 N
380 4102 429 4153 622
452 4101 548 4169 Τρῶες
564 4093 746 4170 ὑπερφίαλοι,
765 4101 860 4169 δεινῆς
877 4093 1017 4172 άκδρητοι
1036 4093 1130 4170 άϋτῆς,

449 4179 535 4253 άλλης
551 4181 607 4251 μὲν
623 4175 716 4254 λώβης
733 4200 766 4238 τε
784 4185 834 4238 καὶ
851 4179 969 4255 αἶ’σχεος
987 4177 1042 4241 οἰκ
1059 4186 1211 4248 ἐπιδευεῖς,

448 4257 551 4335 bristi
569 4269 753 4338 λωβήσασθε,
771 4269 859 4322 κακαὶ
876 4268 969 4333 κύνες.

211 4350 287 4406 Nihil
304 4347 502 4421 supplendum
520 4345 671 4422 Ιἐπιδευεῖς
688 4351 832 4409 vocativus
849 4354 901 4408 est.
