3008 4980
525 337 549 386 2.
577 331 702 401 βάλλειν,
720 325 850 398 οὐτάσαι,
867 333 927 386 sim.
1269 340 1308 402 67

136 492 317 559 imitatores
329 494 432 559 dicere
446 496 586 563 solemus
600 499 826 564 Alexandrinis
836 499 953 563 servari
966 498 1058 564 solet.
1079 498 1214 563 Factum
1224 498 1307 562 idem

136 600 172 664 in
187 602 226 664 iis
241 602 382 684 vocibus,
405 604 443 667 de
459 605 577 687 quibus
597 606 693 671 modo
710 606 925 690 exposuimus.
960 605 1070 689 Eurip.
1086 604 1219 689 Hippol.
1234 610 1309 673 684:

593 707 677 788 Ζεύς
699 706 725 776 σ’
751 706 769 776 ὁ
791 704 951 801 γεννήτωρ
973 708 1054 788 ἐμὸς

388 812 567 904 πρόρριζον
589 813 777 907 ἐκτρίψειεν
798 812 942 896 οὐτάσας
962 812 1052 902 πυρί.

136 923 202 988 Ubi
229 922 328 987 schol.
361 919 394 988 οῖ
420 920 575 1010 νεώτεροι
601 922 661 992 οὐκ
686 921 779 992 ῖσασι
807 924 866 1014 τὴν
894 924 1060 1016 διαφορὰν
1081 927 1140 991 τοιῖ
1170 918 1309 992 οὐτάσαι

136 1026 195 1093 καὶ
219 1028 347 1112 βαλεῖν·
370 1027 519 1116 Ὅμηρος
540 1031 577 1098 δέ
599 1027 739 1100 οὐτάσαι
765 1031 826 1118 μὲν
846 1031 885 1100 τὸ
915 1031 952 1099 έκ
982 1031 1094 1117 χειρὸς
1117 1031 1174 1098 καὶ
1195 1028 1231 1098 έκ
1252 1037 1309 1099 τοῦ

136 1131 289 1221 σύνεγγυς
316 1140 457 1223 τροῖσαι,
484 1143 600 1224 βαλεῖν
628 1140 724 1210 δὲτὸ
753 1133 933 1228 πόρρωθεν
954 1150 994 1222 (v.
1017 1142 1121 1207 Clark.
1143 1143 1184 1206 ad
1205 1144 1234 1204 P
1252 1148 1308 1209 86:

138 1246 194 1328 qui
221 1246 261 1310 ad
288 1236 371 1312 hanc
392 1271 461 1313 rem
486 1251 668 1316 attenderat
693 1251 790 1315 etiam
816 1251 848 1313 A
868 1257 938 1318 525.
962 1253 1045 1332 540).
1084 1248 1174 1314 ldem
1194 1249 1305 1332 Eurip.
1324 1255 1379 1325 (79)

135 1352 230 1419 Herc.
246 1353 280 1420 F.
298 1361 356 1422 199
370 1354 509 1442 τυφλοῖς
528 1350 675 1442 ὁρῶντας
693 1351 837 1434 οὐτάσας
858 1352 1045 1439 τοξεύμασι.
1068 1397 1108 1406 -
1129 1355 1308 1440 Aeschylus

136 1452 287 1545 πληγέντ’
309 1453 461 1549 ἀτράκτῳ
480 1465 602 1551 τοξικηῖ
623 1462 680 1530 τὸν
702 1458 799 1530 ἀετόν
821 1465 937 1551 fragm.
955 1463 1101 1549 Myrmid.
1124 1488 1153 1548 p.
1173 1469 1211 1530 81
1236 1463 1308 1529 sch.

137 1567 189 1653 (fr.
204 1575 262 1635 145
273 1569 448 1654 Hermam
469 1568 569 1654 βέλος
584 1573 622 1638 de
636 1574 745 1658 gladio
759 1573 836 1638 Eur.
847 1572 897 1639 El.
910 1579 997 1639 1141.
1019 1572 1075 1636 Ar.
1087 1571 1224 1635 Acham.
1239 1576 1307 1637 326.

136 1712 178 1722 -
198 1675 356 1742 Pindarus
380 1671 497 1742 άκοντι
518 1673 619 1744 έλασε
640 1673 769 1746 σκοπόν
792 1680 841 1746 Ol.
863 1680 893 1744 X
915 1685 953 1746 85
976 1677 1036 1764 <XI
1059 1678 1114 1762 71>
1137 1678 1308 1761 (Homerus

135 1786 173 1847 ut
200 1784 291 1849 decet
316 1781 441 1850 σκοπὸν
464 1776 502 1851 ὃν
524 1780 618 1852 οὐπιο
646 1811 698 1864 τις
717 1783 820 1870 βάλεν
842 1780 924 1875 άνήρ
944 1809 964 1866 χ
985 1789 1026 1869 6).
1066 1784 1175 1850 Nonn.
1196 1783 1269 1849 XXI
1289 1789 1308 1851 9

137 1883 239 1974 αὐτὰρ
269 1884 288 1955 ὃ
316 1885 483 1981 βαροήεις
507 1890 717 1979 ἐπεμάρνατο
748 1891 877 1977 μείζονι
908 1890 1011 1981 πέτρῃ
1041 1888 1217 1979 τρηχαλὲῃι
1253 1888 1310 1955 καὶ

136 1992 253 2081 στέρνα
282 1996 456 2082 βοώπιιίος
481 1994 586 2091 ἤλασε
613 1994 765 2090 Νύμφης.
786 2042 827 2051 -
848 2003 998 2088 Apollon.
1020 2001 1082 2067 Rh.
1105 1999 1152 2065 IV
1174 2005 1234 2067 597
1253 2022 1309 2062 τυ-

136 2101 211 2182 πεὶς
230 2111 377 2192 κεραυνῷ
392 2113 425 2174 et
438 2108 470 2174 ΙΙ
487 2118 565 2178 1916
587 2097 646 2198 ἧκε
662 2103 691 2174 d'
715 2103 766 2175 ἐπ’
785 2104 905 2178 οἰωνὸν
926 2106 1062 2190 ταχινὸν
1087 2103 1174 2185 έλος,
1200 2100 1306 2191 αὐτάρ

136 2206 253 2278 ἔπειτα
286 2213 424 2301 πλῆξεν,
457 2219 543 2283 idem
570 2217 617 2283 ΙΠ
645 2224 724 2287 1310
755 2212 980 2302 βεβολημένος
1012 2239 1070 2302 pro
1103 2210 1309 2298 τετυμμένος.

137 2321 272 2406 Oppian.
295 2324 369 2390 Hal.
391 2327 421 2387 B
443 2330 512 2393 372.
535 2331 595 2392 473
619 2319 752 2405 οὐτάζει
771 2321 932 2409 βελέεσσι,
954 2327 1034 2390 item
1057 2317 1215 2389 οὐτασται
1236 2345 1309 2387 oum

135 2424 235 2511 βέλος
260 2434 467 2498 coniunctum
494 2434 527 2496 A
551 2435 655 2500 55240
709 2438 739 2497 Β
762 2440 823 2502 522
853 2431 911 2498 καί
943 2430 1003 2517 γάρ
1033 2454 1088 2496 τοι
1112 2427 1170 2495 καὶ
1195 2430 1310 2514 βουσὶν

135 2529 293 2621 ἀνάρσιος
313 2531 385 2604 εὐτε
405 2535 555 2628 πελάσσῃ
578 2530 716 2626 οἶστρος,
738 2535 916 2630 ένιχρίμψῃ
939 2535 976 2604 δὲ
996 2534 1096 2623 βέλος
1117 2533 1311 2622 λαγόνεσσιν

136 2636 280 2728 άραιοιῖς.
315 2647 392 2732 Cyn.
409 2653 511 2717 3468
529 2646 634 2734 πικρά
655 2645 800 2732 βέλεμνα
823 2650 932 2735 orygis
954 2647 1121 2713 comua41.
1157 2645 1210 2713 Sic
1230 2646 1310 2710 haee

202 2849 228 2889 39
246 2847 426 2903 Memorabile
445 2852 494 2913 est
512 2850 660 2919 πλησσειν,
679 2849 756 2904 cuius
775 2852 903 2904 constans
924 2846 999 2917 apud
1017 2845 1168 2899 Homerum
1186 2862 1250 2898 usus
1268 2847 1310 2898 est

135 2929 170 2985 de
188 2931 347 2987 vulneribus
365 2937 394 2988 et
413 2933 504 3004 plagis
515 2919 603 3004 prope
614 2933 735 2998 inflictis,
753 2934 788 2989 de
805 2933 863 2989 solo
881 2933 998 2986 fulmine
1017 2929 1098 2984 aliter
1116 2928 1172 2982 dici
1190 2929 1246 2998 (πλ.
1265 2946 1309 2983 κε-

136 3018 245 3088 ραυνῷ)
265 3019 288 3072 θ
306 3023 364 3074 455.
386 3020 408 3072 0
426 3023 484 3072 117.
502 3024 592 3086 ullo.
612 3023 628 3083 ξ
645 3023 703 3074 306.
720 3051 755 3059 -
771 3017 864 3080 Βέλος
883 3034 934 3087 pro
946 3015 1040 3085 gladio
1058 3031 1102 3083 ap.
1115 3012 1198 3083 Soph.
1210 3013 1309 3067 Traeh.

134 3102 185 3153 884
200 3116 233 3154 ex
250 3100 360 3170 uulgari
372 3101 613 3171 interpretatione.
642 3103 697 3157 Sed
708 3103 883 3158 Hermannus
901 3102 970 3155 haec
986 3098 1041 3154 alio
1060 3098 1142 3152 modo
1155 3097 1309 3154 adornavit.

202 3187 229 3227 40
246 3186 351 3256 ω’τειλή
369 3186 522 3254 Hyacinthi
538 3187 639 3241 vulnus
656 3188 729 3242 Bion
746 3188 801 3243 Vll
823 3187 888 3257 <X1>
906 3194 931 3242 4.

202 3271 226 3310 41
248 3262 384 3341 ὐξυβελὴς
402 3275 443 3326 est
460 3288 505 3339 ap.
524 3270 603 3325 Hom.
624 3273 647 3326 A
666 3277 714 3327 125
735 3262 805 3327 άλτο
823 3263 848 3326 δ’
867 3262 965 3334 ὀϊστὸς
983 3261 1129 3339 ὀξυβελὴς,
1147 3267 1223 3335 quod
1242 3266 1310 3321 Mei-

135 3352 241 3422 ringius
258 3354 289 3407 in
306 3353 547 3410 commentatione
566 3356 601 3410 de
617 3356 703 3410 subet.
724 3355 817 3425 copul.
835 3372 880 3424 ap.
899 3354 980 3408 Hom.
997 3372 1025 3423 p,
1046 3357 1076 3407 12
1094 3353 1170 3406 reete
1188 3351 1310 3421 explicat

137 3429 188 3502 άξύ
204 3437 289 3509 βέλος
307 3431 356 3497 νῖν.
387 3438 467 3504 Quod
483 3439 628 3494 transferri
645 3443 739 3510 potest
755 3439 792 3494 ad
810 3432 906 3502 πόθος
927 3438 1065 3508 ὀξυβελὴς
1082 3435 1202 3492 Halieut.
1231 3437 1309 3490 A41.

135 3521 181 3576 Sic
192 3522 373 3592 explicuerim
391 3524 467 3592 quod
484 3524 559 3594 apud
578 3524 699 3579 eundem
716 3524 880 3594 scriptorem
897 3521 1016 3592 legimus
1034 3522 1057 3575 A
1078 3525 1124 3577 105
1145 3522 1226 3589 νίκης
1241 3523 1310 3590 γλυ-

135 3607 271 3677 κύδωρον
286 3606 403 3678 κράτος,
421 3607 439 3663 i
457 3625 481 3662 e.
500 3610 582 3679 νίκης
598 3601 707 3677 κράτος
719 3609 808 3679 γλυκὺ
819 3612 918 3679 δῶρον
937 3599 978 3661 dv.
1007 3603 1062 3660 Sed
1078 3602 1116 3658 ib.
1134 3604 1221 3658 3346
1235 3598 1309 3674 αἶψα

135 3687 169 3744 δέ
186 3695 264 3747 νῶτα
282 3685 414 3764 καράβου
434 3683 555 3763 ὐξυβελῆ
572 3691 779 3762 περιβάλλεται
803 3692 1002 3762 άμφιχυθεῑσα
1019 3705 1071 3743 neo
1091 3686 1141 3742 illa
1158 3687 1307 3759 explicatio
1326 3692 1357 3742 67

134 3774 210 3829 valet
231 3793 284 3831 neo
303 3792 337 3830 ex
353 3776 494 3832 Homerici
512 3775 644 3832 sermonis
660 3775 723 3846 lege
746 3776 816 3831 haec
834 3775 904 3845 βέλη
921 3776 993 3829 sunt.
1024 3772 1064 3827 Of.
1083 3772 1265 3842 Empedocles
1283 3790 1308 3827 v.

135 3863 185 3914 234
207 3862 285 3930 (304)
307 3858 399 3932 αὐτὰρ
422 3858 531 3932 ἐχίνοις
554 3852 702 3932 ὀξυβελεῖς
718 3868 818 3931 χαῖται
840 3849 948 3923 νάσοις
965 3857 1176 3927 ἐπιπεφρίκασι
1194 3856 1267 3927 (Hal.
1284 3859 1309 3910 B

135 3947 184 3997 225
204 3937 350 4016 ὀξυβελεῖς
368 3943 479 4016 ἐχῖνοι).
515 3939 653 4001 νώτοισιν
676 3935 847 4017 ὀξυβελέσσι
864 3943 969 4013 Cyneg.
986 3944 1014 3997 Γ
1029 3947 1078 3998 399
1096 3959 1146 4012 pro
1165 3958 1211 4007 eo,
1234 3939 1309 4009 quod

134 4044 208 4081 nune
225 4027 350 4097 legimus,

446 4111 523 4178 θοάς
540 4109 660 4185 έφριξεν
677 4108 798 4184 ἐθείρας
815 4114 863 4184 (ευ.
880 4111 995 4182 hystrix)

341 4201 392 4255 καί
408 4199 433 4254 τ’
454 4189 547 4254 ὀπίσω
566 4191 705 4254 νώτοισιν
723 4189 891 4267 άκαχμένον
909 4186 1094 4266 οὐκοιιέτησιν

346 4281 411 4347 leuc
429 4277 579 4349 ἀκοντίζει
596 4276 728 4352 μαλερύν
743 4279 829 4353 βέλος
849 4311 882 4320 -

136 4365 251 4421 coniicit
269 4370 298 4421 et
320 4366 447 4422 defendit
465 4366 620 4422 Lobeckius
638 4366 681 4431 Ai.
699 4385 728 4437 p.
746 4370 804 4422 210.
823 4365 938 4436 paralip.
956 4383 984 4435 p.
1003 4369 1061 4419 266.

1063 4449 1100 4500 5*
