3008 4980
268 356 293 408 4.
321 349 363 405 De
377 348 573 419 grammaticis,
591 348 640 419 qui
657 349 823 406 ἐνστατικοί
841 350 869 404 et
886 349 998 404 λυτικοί
1013 346 1082 403 dicti
1098 349 1170 403 sunt.
1239 353 1298 417 201

135 517 223 583 tione
246 518 395 583 adversus
416 522 546 602 poetam
565 518 735 604 pugnavit,
764 522 797 582 et
817 517 982 582 rhetorum
1004 517 1145 582 artificiis
1167 538 1244 581 usus
1266 497 1382 630 etlssgf)

135 626 352 711 sophistarum
373 627 515 713 argutiis,
537 626 663 692 Zoilum
677 626 986 712 Amphipolitanum.
1022 624 1075 689 Ad
1095 625 1175 690 illud
1197 646 1299 711 genus

134 734 317 818 perimebat
336 735 404 800 eius
425 727 535 822 ψόγος
553 725 720 822 Ὁμήρου,
743 735 867 800 adhoc
887 733 970 814 libri,
992 733 1048 818 qui
1069 733 1155 819 apud
1169 733 1300 800 Suidam

136 841 286 906 dicuntur
311 838 395 905 κατὰ
416 844 476 929 τῆς
495 845 555 907 τοῦ
572 835 721 928 Ὁμήρου
743 835 913 928 ποιήσεως
933 833 1030 925 λόγοι
1051 835 1152 908 ἐννέα.
1195 839 1300 908 Strab.

134 948 188 1014 lib.
211 947 258 1014 VI
278 973 309 1034 p.
332 956 406 1028 211,
427 950 545 1016 falsum
564 951 739 1034 fictumque
762 971 830 1014 esse
854 949 1076 1014 demonstrans
1097 947 1218 1013 multos
1239 948 1300 1012 flu·

134 1055 204 1120 vion
220 1056 330 1122 subter
344 1080 430 1123 mare
445 1081 502 1142 per
517 1058 648 1142 aliquod
663 1058 802 1143 spatium
823 1056 889 1121 labi
903 1057 1058 1143 integros,
1077 1056 1186 1142 plures
1201 1055 1301 1132 affert,

136 1164 192 1247 qui
206 1163 326 1229 talibus
340 1165 458 1231 fabulis
477 1166 574 1231 fidem
587 1166 771 1232 habuerint:
792 1156 970 1252 ,Ἀλφειὸν
985 1163 1006 1228 δ
1024 1166 1052 1248 “,
1073 1164 1180 1248 inquit
1192 1159 1302 1248 ,Ζωΐ-

136 1360 216 1432 εισι).
245 1363 297 1419 xv
316 1369 354 1419 14.
375 1369 413 1419 15.
433 1363 512 1420 xvu
528 1368 570 1419 ιο.
589 1365 690 1420 asar.
709 1367 736 1420 11
755 1369 794 1430 ιο,
815 1370 854 1422 ιι.
872 1365 897 1418 u
915 1325 955 1420 νε.
975 1365 1003 1419 11
1022 1368 1061 1428 ιε,
1079 1370 1103 1421 ι.
1133 1362 1214 1420 aaa.
1232 1361 1303 1418 aa.

135 1447 174 1500 III
195 1452 232 1512 11,
253 1453 292 1502 14.
326 1447 491 1521 διαβάλλειν
516 1465 627 1519 quoque
646 1452 675 1504 et
694 1451 826 1523 διαβολή,
849 1465 921 1518 quae
942 1449 1018 1504 haud
1039 1465 1102 1502 rara
1119 1448 1184 1502 sunt
1202 1447 1233 1500 in
1249 1447 1302 1500 hac

135 1548 178 1596 re,
196 1531 303 1602 possint
324 1549 341 1587 a
358 1533 517 1589 rhetoribus
535 1534 620 1589 ducta
636 1533 737 1600 videri,
760 1552 785 1591 v.
804 1533 925 1604 Spengel
943 1549 1041 1601 σοναγ.
1060 1550 1135 1602 τεχν.
1152 1550 1179 1602 p.
1198 1536 1237 1586 95.
1256 1537 1301 1589 96:

135 1616 252 1672 fortasse
270 1616 354 1672 etiam
371 1616 485 1688 ψέγειν,
501 1637 528 1674 v.
547 1618 661 1675 Aristot
679 1619 749 1674 rhet.
768 1618 781 1671 Ι
799 1623 823 1687 3,
841 1623 864 1675 3.
893 1618 949 1673 Sed
966 1617 1001 1672 de
1017 1617 1070 1672 hoc
1087 1634 1144 1672 non
1160 1617 1301 1687 pugnabo.

136 1701 178 1756 De
190 1701 334 1757 vocabulis
345 1705 440 1759 autem
456 1696 545 1770 λύειν,
563 1698 644 1766 λύσις
661 1721 704 1759 res
718 1702 877 1759 certisuma.
909 1703 986 1758 Haec
1002 1702 1033 1756 tn
1049 1701 1159 1757 scholiis
1176 1701 1302 1771 frequen·

135 1785 242 1840 tissima
260 1786 294 1840 de
312 1786 493 1844 dissolvendis
511 1787 731 1859 quaestionibus,
750 1788 825 1842 unde
843 1789 991 1859 Σωσίβιος
1009 1776 1026 1842 d
1043 1779 1208 1854 θαυμάσιος
1226 1789 1303 1841 λυτι-

135 1865 188 1934 κός
200 1871 277 1940 apud
286 1870 475 1927 Athenaeum:
495 1874 529 1928 de
549 1873 730 1928 dissolvendis
747 1889 813 1927 vero
830 1870 1017 1942 sophistarum
1034 1868 1210 1940 captionibus
1227 1871 1303 1940 apud

137 1952 315 2009 Aristotelem
332 1956 457 2025 propria:
487 1953 503 2012 d
521 1951 582 2012 λύει
600 1957 653 2013 τὸν
670 1956 845 2028 σοφιστικὸν
861 1956 963 2025 λόγον,
984 1955 1087 2011 rhetor.
1106 1955 1147 2008 ΙΙΙ
1165 1958 1192 2020 2,
1213 1959 1255 2018 13,
1275 1957 1303 2009 et

137 2037 167 2092 in
190 2037 284 2094 libello
303 2039 338 2094 de
357 2039 477 2095 elenchis
495 2041 651 2112 sophisticis
668 2043 699 2095 in
717 2041 832 2111 singulis
850 2039 990 2110 capitibus
1006 2039 1140 2095 invenies.
1174 2039 1303 2095 Ceterum

137 2122 320 2192 grammatici,
338 2141 390 2180 nec
402 2131 472 2190 raro,
491 2127 576 2181 stiam
593 2127 678 2182 verbo
696 2118 868 2183 ἐπιλύεσθαι
885 2127 1011 2179 utuntur.
1043 2125 1125 2180 Unde
1143 2119 1304 2180 ἐπιλντικοί

137 2207 299 2278 apudSuid.
316 2227 336 2263 s.
349 2205 505 2280 Σωσίβιος.
535 2204 707 2267 ἐπιλύεσθαι
725 2212 780 2266 sch.
798 2209 879 2265 Dion.
896 2227 937 2280 gr.
956 2228 983 2279 p.
998 2214 1055 2275 130,
1073 2213 1113 2264 21.
1142 2207 1232 2266 Schol.
1252 2209 1302 2264 Od.

138 2315 148 2347 ι
166 2297 224 2348 100.
257 2293 358 2349 Athen.
377 2292 429 2348 XV
451 2313 478 2364 p.
497 2296 563 2351 670f
582 2289 747 2367 (πρόβλημα
766 2287 978 2360 ἐπιλύσασθαι).
1014 2292 1103 2348 Schol
1121 2292 1201 2348 Pind.
1220 2292 1302 2362 Pyth.

137 2376 177 2431 IV
193 2383 252 2434 455.
284 2370 413 2434 ἐπιλύειν
434 2372 468 2433 cd
491 2370 605 2448 ἄπορον
625 2379 716 2435 'laeta
738 2397 815 2450 exeg.
833 2379 863 2434 Π.
881 2396 910 2448 p.
929 2383 968 2433 51.
991 2376 1026 2434 τὸ
1045 2368 1069 2432 δ’
1087 2372 1193 2448 ἀληθὲς
1211 2370 1304 2443 ούτος

136 2462 219 2531 ἡμεῖς
236 2451 392 2528 ἐπιλύομεν
408 2461 445 2516 id.
464 2461 500 2517 ad
517 2463 580 2532 Lyc.
601 2468 657 2519 152.
687 2459 836 2520 ἐπιλύεται
853 2465 870 2535 ὴ
889 2454 1012 2530 ἀπορία,
1028 2455 1064 2517 τὸ
1081 2454 1194 2532 ἀπορον
1211 2455 1305 2526 οὕτως

136 2545 297 2616 Doxopater
313 2546 392 2600 Walz
409 2547 478 2617 Hp.
495 2553 622 2606 160.161.
652 2547 781 2605 ἐπιλύειν
797 2541 832 2603 τὸ
851 2542 1028 2617 ζητούμενον
1044 2543 1144 2603 Xuseb,
1162 2547 1189 2604 h.
1208 2547 1303 2605 eccles.

140 2630 193 2684 VH
211 2635 250 2686 32.
276 2631 347 2685 Item
365 2631 488 2686 activum
505 2626 633 2688 ἐπιλύειν
650 2633 708 2688 sch.
727 2635 786 2687 Al.
814 2631 1001 2702 01.Αρο11οπ.
1020 2631 1054 2685 de
1073 2631 1135 2686 adv.
1148 2635 1205 2696 531,
1225 2636 1256 2685 14
1275 2633 1304 2685 et

136 2715 224 2771 Procl.
245 2714 281 2768 ad
299 2714 400 2784 Oratyl.
423 2708 459 2779 ις’
477 2735 504 2786 p.
525 2716 643 2788 8(Lips.
663 2719 747 2788 1820).
783 2715 820 2772 Et
836 2717 893 2771 alia
910 2715 1049 2785 quaedam
1067 2714 1195 2786 exempla
1211 2731 1302 2785 perse·
1314 2717 1385 2788 (200)

137 2815 265 2868 quamur:
284 2800 333 2853 καί
345 2789 512 2856 ἐπιλύονται
526 2797 661 2870 λέγοντες
674 2800 808 2857 chosroe.
820 2799 956 2856 Theodos.
975 2801 1050 2855 1021.
1070 2802 1145 2856 1111).
1169 2806 1306 2867 κρεῖττον

137 2875 190 2939 οὖν
206 2879 285 2939 ἐστιν
301 2876 496 2939 ἐπιλύσασθαι
515 2880 609 2949 οὕτως
621 2884 696 2940 1111).
728 2880 874 2949 ἐπιλύσεις
892 2881 1043 2954 διαφόρων
1060 2875 1257 2955 ἐρωτημάτων
1273 2881 1304 2937 in

135 2967 219 3023 Pselli
237 2967 375 3038 opusculis
396 2971 460 3038 post
480 2968 543 3023 libr.
566 2969 600 3024 de
623 2973 728 3039 operat.
747 2971 837 3025 daem.
855 2988 882 3040 p.
903 2975 942 3029 53.
980 2970 1030 3026 καί
1046 2962 1154 3025 τούτου
1175 2966 1303 3038 σαφὴςὴ

136 3051 266 3116 ἐπίλυσις
286 3051 324 3108 ib.
341 3070 369 3124 p.
388 3057 427 3107 13.
468 3053 616 3109 Rhetores:
643 3055 693 3110 καί
715 3053 898 3129 Παλαιφάτῳ
921 3058 964 3128 τῷ
984 3055 1203 3127 περιπατητικῷ
1224 3046 1304 3106 ἐστιν

136 3129 206 3191 ύλον
222 3137 337 3208 βιβλίον
356 3141 425 3206 περὶ
445 3141 505 3191 τῶν
523 3127 654 3192 ἀπίστων
676 3132 925 3209 ἐπιγραφόμενον,
951 3134 984 3194 ἐν
1003 3127 1026 3212 ᾧ
1048 3136 1224 3193 τὰτοιαῦτα
1242 3135 1303 3193 ἐπι-

135 3212 235 3275 λύεται
261 3211 326 3275 οἷον
353 3209 398 3276 ὅτι
425 3219 590 3291 Κένταυροι
615 3219 670 3288 μὲν
695 3220 906 3293 ὑπελήφθησαν
935 3220 963 3278 οἱ
987 3226 1102 3294 πρῶτοι
1129 3216 1177 3276 ἐπί
1204 3215 1305 3276 ’ίπποιν

137 3296 292 3374 ὀχούμενοι
310 3303 455 3372 ὀφθέντες
470 3336 505 3347 -
522 3305 608 3361 Theo.
625 3321 772 3376 progymn.
791 3324 814 3361 c.
831 3306 871 3361 VI
888 3307 958 3377 512.
987 3307 1022 3361 In
1038 3322 1068 3361 re
1085 3304 1210 3361 iudiciali
1227 3307 1302 3361 certe

136 3405 170 3442 ex
186 3387 309 3444 Lucieno
332 3388 374 3444 bis
392 3406 480 3445 accus.
515 3395 546 3446 30
564 3389 661 3447 notavi
683 3384 720 3445 τά
740 3383 885 3463 κεφάλαια
907 3383 1117 3458 ἐπιλνσάμενος
1138 3394 1199 3444 τῶν
1215 3407 1300 3458 κατη-
1318 3398 1368 3449 204

134 3472 332 3543 γορηθύντων.
362 3473 446 3543 Apud
457 3473 632 3530 Athenaeum
642 3474 693 3530 XV
707 3493 734 3545 p.
747 3478 817 3532 saed
833 3492 885 3546 pro
904 3466 1100 3531 ἀπολύεσθαι
1118 3475 1235 3544 ζήτησιν
1251 3472 1303 3529 (ta-

135 3558 274 3612 saubonus
285 3556 447 3626 requirebat
465 3553 658 3616 ἐπιλύεσθαι.
687 3559 785 3631 Neque
797 3563 893 3615 tamen
904 3556 1103 3614 necessarium:
1121 3549 1302 3613 ἀπολύεσθαι

136 3632 262 3712 ἀπορίαν
273 3644 315 3697 est
326 3641 411 3699 schol
428 3645 518 3698 Yrvl.
542 3635 724 3700 ἀπολύεσθαι
735 3637 895 3716 προτάσεις
905 3642 1007 3698 Athen.
1019 3643 1059 3698 VI
1073 3661 1100 3713 p.
1113 3647 1188 3698 2340.
1212 3642 1302 3698 Strab.

134 3725 188 3779 XII
200 3744 227 3795 p.
240 3730 289 3780 550
301 3731 391 3782 ταῦτα
408 3724 463 3794 μέν
482 3717 638 3784 ἀπολύεται
656 3733 693 3798 τῇ
707 3731 888 3798 μεταγραφῇ.
917 3726 997 3794 Quod
1008 3727 1119 3784 videtur
1136 3726 1304 3781 translatum

136 3826 169 3864 ex
193 3801 377 3867 ἀπολύεσθαι
399 3813 452 3880 τὴν
473 3809 569 3867 αἰτίαν
591 3811 682 3879 (Dion.
704 3812 775 3867 rhet.
798 3812 866 3868 VIII
885 3815 938 3881 11),
962 3808 1144 3868 ἀπολύεσθαι
1166 3803 1305 3883 διαβολάς

136 3893 217 3965 (Plat.
236 3893 353 3948 Phaedr.
374 3896 463 3965 21611).
493 3889 676 3951 ἀπολύεσθαι
693 3892 728 3952 τὸ
744 3890 929 3967 παράδειγμα
948 3886 1155 3967 (argumentum
1171 3895 1304 3960 refellere,

136 3977 252 4046 diluere)
271 3981 313 4033 est
334 3979 410 4049 apud
428 3979 597 4034 Frontonem
615 3979 696 4051 epist.
715 3997 805 4050 graec.
825 3985 840 4035 3
858 3998 886 4050 p.
905 3985 953 4036 233
971 3981 1006 4035 N.
1025 4010 1058 4021 -
1075 3973 1110 4034 τά
1129 3973 1304 4049 ζητούμενον

136 4054 266 4116 διαλύειν
283 4063 326 4116 est
343 4063 446 4118 Athen.
465 4082 492 4134 p.
504 4066 582 4120 408¹.
611 4057 781 4129 ἐπιστάσεις
796 4065 847 4120 καί
863 4058 1009 4130 διαλύσεις
1018 4063 1118 4121 Euseb.
1130 4062 1194 4118 hiat.
1208 4062 1302 4118 eccles.

135 4145 161 4198 H
180 4150 210 4200 18
228 4164 255 4216 p.
270 4150 326 4204 151.
354 4141 390 4201 τὸ
407 4142 610 4219 γραμματικόν
627 4164 675 4204 σοι
692 4138 1034 4219 διαλύσομαιπρόβλημα
1048 4147 1128 4204 Psell.
1140 4147 1215 4202 ined.
1228 4146 1304 4200 Bois-

136 4246 194 4285 son.
211 4247 239 4299 p.
259 4234 299 4287 09.
329 4233 461 4286 διαλῦσαι
484 4225 536 4286 τὸν
559 4225 650 4300 λόγον
674 4233 708 4288 de
727 4233 841 4288 elencho
864 4232 1014 4304 sophistico
1038 4232 1169 4287 diluendo
1186 4231 1304 4300 legimus

135 4331 180 4384 ap.
199 4313 377 4370 Aiistotelem
395 4315 427 4370 el.
446 4316 525 4385 soph.
544 4314 609 4369 XVI
626 4320 650 4371 9.
684 4314 721 4372 τά
739 4316 772 4374 δέ
789 4310 864 4388 πρὸς
880 4311 932 4388 τὴν
949 4315 1028 4382 λέξιν
1046 4315 1163 4384 ὁρῶντα
1181 4318 1229 4370 δεί
1243 4317 1303 4369 δια-

136 4396 215 4454 λύειν
232 4402 308 4468 poet.
325 4398 415 4454 XXVI
429 4405 466 4455 10.
501 4394 695 4456 διαλύσασθαι
713 4399 912 4466 διαλεκτικούς
928 4393 1030 4471 λόγους
1046 4399 1126 4468 Diog.
1143 4399 1190 4453 Ira.
1205 4398 1234 4452 II
1247 4403 1302 4454 111.
