3008 4980
503 328 507 332 Δ
540 364 563 413 2.
587 359 628 416 De
644 358 895 432 intercapiratione.
1240 365 1299 430 3l5

134 545 198 588 nos
227 524 267 588 ad
291 522 472 611 fragmenta
499 526 672 594 Prosodiae
697 529 812 597 Iliacae
838 530 871 596 h.
896 530 928 612 l.)
958 529 1006 616 πῇ
1035 522 1095 610 μὲν
1121 525 1297 616 ψιλοῦμιν,

134 632 183 718 πῇ
199 625 235 694 δὲ
251 625 442 715 δασάνομεν,
465 630 522 698 καὶ
535 631 573 700 ad
596 628 756 718 εὗράαλος
777 630 946 721 ἀγχίαλος·
968 627 1008 700 cd
1030 655 1065 719 γε
1084 632 1152 722 μὴν
1173 627 1303 722 ἀληθές

136 738 213 820 (imo
243 740 417 824 requiritur
447 737 576 828 διηνεκέ
593 743 620 827 )·
656 737 780 830 εὑρέθη
807 741 868 829 γάρ
896 741 932 809 τὸ
954 734 1136 826 Πάνορμος
1162 734 1301 807 δασυνό-

132 867 241 928 μενον,
265 838 510 933 καὶἚφιππος
531 844 549 914 ὁ
572 843 728 933 κωμικός.
763 852 813 918 De
832 844 1013 933 Πάνὸρμος
1034 850 1226 917 admonendi
1248 873 1301 916 oc·

134 955 297 1020 casionem
319 955 474 1024 dederunt
495 951 627 1038 λιμένες
646 980 682 1022 ιε
703 951 872 1041 πάνορμοι
894 981 911 1022 ν
936 959 1059 1026 195231.

216 1061 267 1127 Ex
286 1061 464 1130 Ptolemaei
485 1064 725 1152 Herodianique
746 1069 916 1154 praecepto
940 1067 1177 1133 diiudicandum
1199 1067 1299 1133 schol.
1313 1068 1383 1140 (3³³)

136 1171 165 1232 E
188 1173 247 1237 333
281 1172 391 1247 κακῶς
421 1165 498 1236 ὅσοι
526 1167 704 1240 δασύνουσι
731 1172 770 1240 τὸ
798 1199 817 1240 υ
843 1176 902 1241 τοῦ
926 1166 1042 1238 'Evam
1074 1167 1211 1256 άμεινον
1240 1172 1302 1259 γάρ

135 1277 272 1366 ψιλοῦν·
308 1269 565 1344 ἀναπέπλασται
596 1278 659 1366 γάρ
694 1279 861 1370 πολεμικὴ
888 1278 983 1362 θεός,
1016 1270 1059 1368 ἧς
1090 1275 1122 1346 ol
1149 1276 1304 1366 νεώτεροι

136 1382 274 1472 ποιηταὶ
301 1379 373 1450 υἱὸν
400 1375 487 1450 εἶναι’
514 1409 599 1476 φασι
617 1386 675 1454 τὸν
691 1383 813 1473 Ἄρεα,
841 1387 898 1455 καὶ
920 1387 977 1455 διὰ
1003 1392 1100 1456 τοῦτο
1122 1388 1304 1454 καλεῖσθαι

133 1487 303 1558 Ἐνυάλιον
322 1499 588 1581 μητρωνυμικαλς.
621 1499 666 1566 cf.
683 1502 715 1565 ct
734 1499 870 1565 alterum
892 1498 991 1565 schol.
1012 1498 1056 1564 ib.
1072 1535 1109 1546 -
1124 1494 1196 1564 Hoc
1218 1498 1303 1578 dicit,

137 1623 288 1686 apparere
305 1593 407 1666 Ἐνυώ
421 1604 524 1669 Deam
539 1627 608 1671 esse
629 1604 793 1671 bellicam:
814 1605 1007 1671 vocabulum
1020 1605 1121 1691 igitur
1137 1606 1304 1690 proprium

138 1730 205 1774 esse
226 1730 286 1775 nec
307 1710 341 1774 in
362 1711 469 1778 medio
490 1712 704 1798 aspirandum.
745 1711 892 1778 Fuerunt
913 1734 990 1799 ergo
1014 1713 1069 1797 qui
1092 1717 1220 1798 etymon
1241 1712 1302 1777 fin·

138 1820 249 1882 xerant
266 1817 363 1882 huius
378 1819 527 1885 vocabuli
541 1819 613 1899 tale,
635 1843 674 1885 ex
696 1843 760 1911 quo
781 1820 920 1885 secunda
934 1821 1056 1905 syllaba
1076 1819 1303 1904 aspirationem

220 2126 239 2209 ἕ
260 2133 288 2191 4.
332 2124 487 2192 Veterum
507 2129 791 2212 grammaticorum
817 2150 940 2194 morem
968 2128 1116 2213 spiritum
1136 2127 1171 2192 in
1192 2126 1304 2192 mediis

140 2252 268 2318 quoque
294 2234 459 2300 vocabulis
486 2236 641 2320 ponendi,
675 2237 731 2321 qui
757 2239 842 2302 certe
866 2237 900 2300 in
927 2235 1176 2301 accuratioribus
1204 2235 1306 2300 valuit

139 2340 380 2427 exemplaribus,
400 2343 503 2408 nostri
525 2365 653 2428 quoque
675 2344 801 2409 codices
821 2343 875 2408 hic
895 2342 962 2407 illic
982 2342 1191 2408 retinuerunt.
1226 2340 1305 2408 8ου-
1322 2349 1370 2400 320

138 2447 209 2533 pins
232 2447 353 2515 factum
374 2472 444 2517 esse
465 2451 500 2515 in
522 2451 631 2516 codice
646 2450 780 2517 Homeri
794 2449 930 2530 Veneto,
952 2449 1132 2516 observavit
1145 2449 1306 2516 Villoison

138 2555 258 2622 Anecd.
279 2555 358 2641 le.
382 2564 447 2625 119.
482 2557 532 2623 De
554 2557 663 2624 codice
685 2558 899 2624 Ambrosianc
921 2558 1176 2640 fragmentorum
1197 2556 1306 2622 Iliadis

139 2663 263 2741 notavit
277 2663 351 2743 Mai,
372 2687 402 2748 p.
418 2670 478 2732 582
500 2666 548 2730 ed.
564 2664 670 2731 Berol.
705 2664 902 2749 „Spiritunm
923 2686 1053 2748 quoque
1074 2669 1170 2730 notae
1190 2687 1307 2730 coaeva
1416 2736 1418 2738 ,

139 2793 236 2836 manu
268 2772 446 2858 pinguntur
478 2773 589 2838 formis
622 2773 735 2858 priscis
764 2775 805 2835 H
833 2775 866 2837 et
895 2772 1002 2858 l-vel
1027 2773 1070 2858 -Ι,
1128 2773 1236 2858 Atque
1268 2772 1303 2836 hi

139 2879 269 2963 spiritus
296 2902 526 2965 saepenumero
552 2879 870 2968 praetermittuntun.
897 2903 1129 2966 nonnunquam
1153 2881 1189 2944 in
1209 2901 1303 2945 voca-

138 2984 216 3051 bulo
238 2987 343 3053 medio
365 3011 384 3052 a
406 3010 457 3054 me
479 2991 665 3055 observatos
685 2988 842 3054 meminit
883 2987 928 3053 Et
948 2989 989 3053 ad
1011 2991 1056 3052 M
1073 2992 1135 3057 434
1157 2979 1304 3050 datiam:

139 3093 196 3172 „ln
217 3095 365 3161 Ambros.
388 3097 527 3162 secunda
555 3096 678 3181 syllaba
702 3099 834 3164 notatur
855 3118 967 3180 aspero
990 3099 1023 3161 et
1044 3098 1154 3161 acuto“
1176 3095 1223 3160 ed.
1241 3093 1304 3158 Be-

139 3201 196 3267 rol.
220 3225 250 3286 p.
269 3207 337 3271 593.
371 3203 454 3270 Item
474 3203 646 3288 aliquoties
667 3205 702 3269 in
724 3203 793 3270 cod.
813 3203 1023 3290 Aegyptiace,
1045 3203 1134 3268 cuius
1156 3201 1305 3268 notitiam

139 3310 318 3395 accepimus
336 3311 371 3375 in
384 3310 497 3377 Museo
518 3310 716 3396 philologico
732 3311 989 3397 cantabrigiensi
1005 3313 1045 3393 (v.
1059 3308 1136 3376 Nrc.
1152 3309 1167 3375 Ι
1181 3333 1209 3377 a.
1226 3313 1303 3378 1831

138 3440 167 3501 p.
192 3418 273 3501 178).

220 3526 251 3590 A
272 3525 448 3593 Villoisono
470 3527 532 3592 hoc
552 3527 692 3612 petimus
714 3526 945 3611 testimonium,
965 3526 1066 3612 praef.
1087 3525 1124 3590 ll.
1139 3523 1198 3590 HI:
1219 3524 1302 3604 „Du
1315 3533 1386 3605 (334)

138 3631 255 3717 plicem
281 3633 316 3698 in
338 3633 529 3718 quibusdam
548 3636 680 3700 vocibus
702 3634 866 3720 spiritum,
892 3636 929 3698 ut
951 3633 985 3697 in
1008 3625 1166 3716 άναὶρέω,
1190 3636 1250 3698 cet.
1270 3633 1305 3696 in

141 3739 307 3807 nonnullis
321 3741 463 3825 Epicteti
478 3741 641 3807 codicibus
655 3741 767 3826 Regiis
789 3741 948 3806 invenisse
963 3763 996 3806 se
1011 3743 1148 3806 testatur
1160 3739 1192 3804 le
1206 3739 1306 3805 Ferre

141 3846 178 3913 de
192 3847 379 3915 Villebrune
394 3872 425 3934 p.
441 3855 461 3916 6
474 3848 571 3933 praef.
595 3871 670 3914 suae
684 3848 825 3933 Epicteti
839 3847 1003 3915 Euchirid.
1022 3852 1124 3916 1782“.
1159 3846 1307 3933 Vestigia

205 4083 369 4148 13112235,
392 4081 442 4138 ubi
464 4082 499 4137 de
518 4082 603 4137 verbo
622 4079 720 4150 ἐξεοίη
738 4097 826 4136 sermo
845 4084 894 4147 est,
912 4081 942 4136 in
961 4080 1023 4135 c6d.
1041 4083 1066 4136 V
1082 4081 1198 4150 legitur:
1229 4079 1258 4136 αλ
1274 4079 1307 4136 δὲ

140 4169 258 4235 ψιλοῦσι
275 4160 376 4223 διὰτὸ
393 4163 487 4234 ὄνομα
504 4169 690 4236 γεγενῆσθαι.
716 4165 828 4221 Scilicet
847 4158 970 4234 ὀνόματι
988 4160 1081 4238 κυρίῳ
1099 4166 1153 4221 hoc
1164 4165 1307 4236 proprium

142 4266 198 4306 esse
215 4250 332 4321 legerat!
350 4283 384 4292 -
402 4252 435 4306 In
451 4251 536 4306 schol.
554 4250 629 4304 Harl.
648 4253 670 4304 a
688 4255 737 4306 114
754 4249 832 4315 τινὲς
847 4253 966 4320 ψιλοῦσι
983 4243 1018 4305 τὸ
1036 4251 1205 4318 Ἀμφίαλος,
1223 4240 1307 4301 aava·

141 4352 188 4388 τοι
199 4333 301 4402 μέντοι
311 4337 361 4390 καὶ
372 4329 560 4391 δασύνεσθαι.
587 4332 700 4389 Scilicet
712 4334 820 4404 legerat
831 4334 900 4390 illud
918 4335 994 4406 apud
1006 4333 1204 4399 Herodianum,
1222 4346 1306 4401 quan·

142 4417 206 4473 dam
224 4418 255 4475 in
272 4419 438 4489 quibusdam
456 4417 675 4475 inconstantiam
692 4435 835 4491 apparere.
