3008 4980
200 367 260 429 356
495 360 527 415 V.
552 359 593 415 De
612 359 714 416 criticis
733 361 887 416 Aristarchi
907 359 1069 416 rationibus.

199 518 294 602 Αἴας
313 547 348 590 τε
368 520 472 608 μέγας
494 528 615 594 dixerit.
636 553 664 594 v.
685 529 757 595 Did.
778 532 809 592 B
832 537 898 597 111.
934 528 1072 594 Articuli
1097 527 1163 593 vim
1189 525 1344 591 attenderat

204 639 232 697 Y
247 642 312 714 147,
334 634 391 699 ubi
405 635 558 700 traditum
579 629 611 721 (ἡ
629 635 747 723 διπλῆ)
770 631 823 702 ὅτι
845 632 949 714 οὕτως
970 630 1079 722 εἴρηκε
1100 631 1160 699 σὺν
1180 635 1228 719 τῷ
1248 624 1343 718 ἷλρθριρ

198 740 236 810 τὸ
258 745 356 828 κῆτος
377 737 422 818 ὡς
442 741 716 832 παραδεδομένης
735 746 793 831 τῆς
813 737 960 829 ἱστορίας
979 744 1038 830 τῆς
1059 738 1137 826 περὶ
1156 742 1216 834 τοῦ
1241 732 1344 825 κήτους.

201 851 431 916 Observaverat
455 851 633 920 Homerum
659 856 834 940 augmenta
859 853 1016 918 omittere.
1064 852 1118 916 An
1143 850 1217 915 ideo
1243 847 1345 913 nullum

199 963 409 1046 augmentum
429 959 582 1045 reliquit?
612 961 754 1027 Minime.
795 960 949 1026 Ediderat
971 955 1008 1038 ὅς
1027 954 1072 1041 με’
1093 978 1149 1023 σοι
1172 946 1263 1033 αὖτις
1283 953 1346 1018 δῶκε

134 1076 182 1128 362
205 1070 236 1129 (D
251 1073 305 1146 843
328 1070 440 1133 contra
458 1069 486 1133 0
501 1075 558 1137 601
577 1065 613 1133 ἐκ
628 1066 690 1152 μὰρ
707 1066 748 1154 δὴ
768 1071 826 1133 τοῦ
847 1062 974 1149 ἔμελλε,
997 1090 1064 1133 non
1083 1071 1122 1132 ut
1135 1063 1348 1149 Aristophanes

199 1170 366 1256 pillc²⁵⁶.
414 1173 479 1241 Sed
512 1177 546 1240 in
583 1177 729 1241 dissensu
765 1176 942 1241 editionum
974 1176 1083 1261 potins
1118 1168 1197 1257 ἔργα
1231 1167 1348 1254 νέμοντο

201 1282 339 1366 scripsit,
370 1287 403 1348 et
428 1284 546 1365 θαῦμα
567 1279 715 1362 τέτυκτο,
747 1288 785 1349 ut
806 1285 857 1349 his
879 1287 967 1367 utar,
995 1305 1091 1368 quam
1113 1273 1177 1366 ἔργ’
1201 1275 1348 1363 ἐνέμοντο,

200 1382 304 1472 θαῦμ’
326 1384 484 1456 ἐτέτυκτο.
519 1390 557 1455 In
576 1414 640 1476 quo
662 1392 797 1458 fortasse
818 1413 1050 1476 nonnunquam
1071 1389 1172 1454 falsus
1192 1386 1262 1467 luit,
1281 1385 1353 1471 quod

200 1498 344 1562 nondum
370 1499 478 1562 omnia
503 1503 667 1564 momenta
688 1504 906 1585 perspexerat:
935 1500 1035 1565 sicin
1057 1500 1233 1583 augmento
1254 1492 1353 1559 diiudi-

201 1605 301 1670 cando
326 1605 462 1671 fortasse
488 1608 528 1671 ab
555 1607 743 1672 Aristarcho
773 1608 1001 1674 discedendum
1032 1605 1093 1670 erit
1120 1606 1254 1691 propter
1279 1601 1354 1687 leges

201 1714 355 1797 quasdam
380 1715 557 1780 hexametri
578 1714 742 1780 Homerici
763 1715 949 1781 Aristarcho
976 1735 1042 1779 non
1069 1712 1263 1778 observatas.
1302 1707 1356 1775 Sed

200 1821 233 1884 in
248 1821 366 1886 malam
379 1821 497 1886 famam
510 1823 704 1907 pertinaciae
719 1823 832 1888 incidit
852 1823 900 1888 vir
922 1819 1207 1888 excellentissimus
1228 1839 1285 1904 per
1303 1837 1356 1893 eos,

202 1930 318 2012 quibus
332 1930 480 2013 pertinax
496 1929 665 1996 videbatur
679 1930 766 1996 nolle
785 1933 986 1996 constantem
1007 1931 1122 2020 poetae
1143 1926 1252 2012 legem
1272 1923 1360 1991 semel

135 2018 140 2035 ¹
199 2035 251 2100 vel
278 2036 329 2101 bis
350 2037 482 2124 migrari
505 2042 537 2104 et
555 2037 635 2102 haec
653 2039 680 2102 si
702 2037 848 2103 codicum
870 2037 1060 2103 auctoritate
1082 2035 1188 2101 sanari
1210 2055 1276 2100 non
1295 2034 1359 2116 pot·

200 2147 291 2208 erant
321 2144 415 2210 obelo
443 2148 569 2225 notare,
600 2146 717 2230 quibus
743 2147 890 2231 pertinax
915 2146 1032 2224 visum,
1065 2165 1139 2208 cum
1166 2143 1359 2209 observatum

200 2255 285 2316 esset
298 2252 419 2337 ubique
433 2256 564 2338 poetam
580 2253 629 2318 uti
651 2249 773 2332 ἐθέλω,
798 2253 935 2320 scribere
957 2242 1305 2315 HHAEPAH'oEA
1320 2283 1360 2309 -.

200 2359 254 2425 Sic
281 2360 366 2426 enim
391 2361 469 2426 talia
490 2361 681 2426 scribebant.
725 2360 778 2428 Sic
799 2361 1003 2427 Herodianus
1029 2360 1058 2423 Θ
1079 2363 1141 2426 229
1162 2351 1218 2421 ὅτε
1239 2348 1281 2440 δή
1302 2375 1360 2443 φα-

199 2489 259 2550 μεν
281 2469 400 2554 duplici
421 2469 517 2534 modo
540 2469 635 2535 scribi
655 2491 751 2554 posse
774 2469 864 2548 dicit,
887 2472 920 2534 et
940 2458 1208 2548 ΔΗΦᾸΜΕΝ,
1231 2467 1272 2543 et,
1295 2462 1361 2547 quia

200 2577 233 2641 in
258 2576 321 2642 hoc
348 2569 486 2641 δύναται
513 2578 697 2662 ποιητικῶς
719 2569 984 2662 ἅτταβεβλῆσθαι
1009 2569 1046 2639 τὸ
1070 2595 1148 2637 ε-
1169 2593 1289 2657 neque,
1315 2569 1360 2648 ait

200 2684 380 2749 necessario
406 2685 597 2750 servandum
619 2685 661 2749 sit
682 2684 773 2749 utin
795 2679 905 2749 ἐθέλω
927 2681 1101 2749 Homerico
1124 2718 1178 2760 -,
1204 2672 1360 2743 AMA-

200 2792 315 2856 Mau:
342 2792 446 2857 crasin
474 2793 628 2860 nominat.
671 2791 741 2857 Nos
764 2792 797 2856 in
818 2792 870 2857 his
893 2791 1033 2858 solemus
1059 2781 1206 2874 Πηλείδη
1228 2776 1316 2850 ἔθελ’
1334 2787 1360 2848 et

201 2897 241 2986 δὴ
265 2892 471 2987 ἔφαμενυεΙ
497 2899 658 2965 coronidis
685 2900 779 2985 signo
807 2900 872 2964 illis
894 2899 1009 2986 ignoto
1033 2900 1074 2980 (v.
1095 2894 1173 2961 hob.
1197 2893 1238 2959 ad
1257 2892 1307 2957 Ai.
1328 2893 1358 2972 1).

281 3007 371 3073 Haec
393 3012 425 3074 et
447 3009 524 3073 talia
545 3009 579 3072 in
601 3007 825 3073 observatione
848 3006 1043 3073 nitebantur.
1079 3001 1144 3070 Sed
1166 3000 1359 3067 occurrerunt

200 3115 276 3197 alia,
297 3138 379 3200 quae
402 3117 429 3181 si
449 3116 484 3179 in
506 3115 694 3180 alterutram
713 3119 839 3201 partem
862 3113 1033 3179 diiudicare
1057 3109 1155 3176 velles
1175 3129 1301 3174 summa
1317 3105 1358 3169 in·

201 3223 289 3309 genii
310 3222 490 3289 subtilitate
513 3245 594 3308 opus
617 3226 693 3288 erat.
730 3226 760 3285 Β
779 3230 853 3303 299,
874 3221 930 3287 ubi
950 3219 1061 3286 Ulixes
1082 3218 1221 3284 Graecos
1242 3215 1358 3280 domum

200 3330 303 3396 redire
326 3331 490 3416 cupientes
514 3331 701 3396 cohortatur
722 3334 759 3395 ut
779 3333 944 3396 maneant:

281 3436 378 3524 τλῆτε
400 3433 498 3527 φίλοι
521 3435 578 3503 καὶ
597 3430 723 3521 μείνατ’
749 3433 807 3502 ἐπὶ
824 3434 942 3520 χρόνον
964 3474 1004 3483 -

202 3544 359 3612 Zenodoti
379 3546 475 3612 lectio
498 3551 567 3613 erat
588 3540 638 3610 ἔτι
657 3540 785 3630 χρόνον.
828 3545 915 3610 Audi
936 3542 1170 3611 Aristonicum:
1192 3533 1246 3605 ὅτι
1267 3523 1357 3621 Ζηνό-

201 3655 299 3730 δοτος
312 3646 434 3743 γράφει
450 3649 499 3719 ἔτι
518 3647 647 3737 χρόνον,
672 3646 867 3729 ἀπιθάνως·
890 3647 1036 3738 ἔμφασις
1056 3646 1118 3733 μὰρ
1143 3640 1267 3733 γίνεται
1285 3638 1358 3707 ιταλ-

200 3759 261 3825 λοῦ
281 3756 399 3846 χρόνον
423 3760 480 3827 διὰ
501 3764 562 3829 τοῦ
584 3755 641 3829 ἔτι.
685 3761 727 3827 Η.
749 3783 776 3829 e.
799 3784 872 3827 cum
893 3753 942 3824 ibt
970 3758 1048 3823 dicit
1068 3756 1256 3823 memoriam
1275 3771 1356 3819 reno·

199 3874 253 3934 vat
279 3870 371 3957 longi
397 3871 569 3956 temporis,
596 3871 684 3956 quod
704 3871 769 3936 iam
789 3870 824 3934 in
847 3866 1033 3934 obsessione
1055 3870 1088 3932 et
1108 3864 1273 3930 laboribus
1292 3880 1356 3925 con·

202 3979 389 4044 sumserint:
412 3980 500 4064 quod
516 4000 583 4044 non
604 3979 781 4062 prudenter
801 3976 922 4042 factum
942 3974 1006 4040 hoc
1026 3978 1182 4060 tempore.
1206 4009 1246 4020 ·-
1266 3970 1355 4034 Bell

201 4081 240 4151 de
263 4091 411 4172 serpente
433 4110 579 4173 passeres
602 4086 787 4152 devorante:

282 4187 353 4258 ἔνθ’
378 4189 435 4279 ὅγε
455 4192 534 4272 τοὺς
557 4191 683 4259 ἐλεεινὰ
707 4187 873 4277 κατήσθιε
891 4192 1095 4276 τετριγῶτας.

266 4432 304 4476 256
323 4424 435 4504 ὤτρυνε
453 4433 550 4498 Ρ215,
568 4429 699 4488 Zenodot.
720 4424 780 4502 ὄτρ.
799 4459 831 4471 -—
850 4427 905 4483 Adi
923 4421 1114 4482 Herodianum
1132 4423 1156 4479 Δ
1174 4427 1200 4481 3.
1217 4422 1244 4479 Β
1259 4424 1310 4477 808.
