3008 4980
586 341 607 393 1.
630 334 672 392 De
687 337 858 395 accentibus.
1246 344 1308 408 293

136 503 205 569 eius
232 502 383 568 certiores
410 501 488 566 facti
513 525 667 582 essemus,
694 506 757 570 nisi
782 504 930 570 scholion
957 526 996 569 ex
1022 502 1169 568 Parisino
1198 502 1306 569 codice

136 609 259 675 editum
280 631 300 674 a
321 607 470 674 Ornmero
491 611 533 675 ad
553 610 590 676 Il.
615 612 645 673 E
660 617 699 679 69
721 612 796 695 (An.
817 611 889 677 Par.
912 609 959 675 ΙΠ
980 632 1011 695 p.
1025 612 1108 692 283),
1129 609 1217 693 quod
1236 609 1304 676 He·
1323 615 1373 667 297

135 716 307 781 rodianum
327 716 445 781 referre
466 717 599 796 videtur,
620 719 655 783 in
676 719 747 803 ipso
768 719 833 783 fine
853 718 911 783 ubi
929 722 1093 819 Toopccog
1113 737 1308 781 commemo·

135 828 226 889 ratur
260 822 384 888 librarii
416 826 472 887 aut
506 823 616 906 potius
651 824 846 910 excerptoris
879 823 975 909 culpa
1005 823 1177 889 obscurum
1209 827 1308 888 essctt

136 923 295 1016 Πήδαιον
308 925 546 1015 βαροτονητέον
561 931 645 1013 (sic)·
666 929 708 995 τὰ
727 930 789 1016 γὰρ
812 930 869 995 διὰ
890 933 950 995 τοῦ
972 952 1048 1007 αιος
1068 922 1219 1011 ὀνόματα
1238 952 1309 1010 τρι-

137 1033 288 1120 σύλλαβα
301 1031 400 1119 κύρια
413 1032 460 1120 μὴ
481 1027 560 1101 ὄντα
582 1031 652 1102 ἀπὸ
676 1031 831 1124 ῥημάτων
851 1031 1037 1122 παράγωγα
1056 1031 1142 1122 μηδὲ
1162 1030 1308 1100 σύνθετα

137 1138 162 1232 ἢ
193 1137 527 1223 ἅντιόιαστελλόμενα
562 1140 868 1230 προπερισττώμενά
905 1138 1001 1210 εἶσιν·
1038 1131 1111 1209 οἷον
1141 1135 1308 1221 Ἀλκαῖος,

133 1246 310 1334 Ὑβλαῖος,
333 1253 519 1328 Μουσαῖος.
553 1248 600 1338 μὴ
623 1245 694 1318 dne
715 1246 868 1339 ῥημάτων
889 1241 964 1316 εἷπε
984 1249 1167 1334 σαράνωγα
1190 1247 1307 1315 διὰτὸ

135 1362 223 1440 τιμῶ
254 1353 398 1439 Τίμαιος
423 1355 480 1422 καὶ
505 1351 573 1423 λύω
593 1353 730 1437 Λύσιος
754 1357 813 1425 καὶ
836 1357 927 1446 φιλῶ
955 1353 1098 1435 otheos
1126 1354 1184 1422 καὶ
1210 1356 1309 1443 πηὸῶ

137 1459 303 1551 Πήδαιος.
337 1461 423 1551 μηδὲ
441 1458 589 1530 σύνθετα
611 1465 669 1531 διὰ
690 1464 728 1533 τὸ
749 1458 915 1548 Εὔμαιος,
937 1458 1022 1552 μήτε
1044 1457 1309 1530 ἀντιδιαστελλό-

136 1594 219 1654 μονα
240 1569 299 1636 διὰ
319 1569 357 1638 τὸ
378 1567 445 1658 μήν
465 1567 570 1659 μηνός
589 1569 744 1659 μήναιος.
775 1571 814 1639 τὸ
833 1569 947 1654 μέντοι
961 1574 1068 1658 τρυγῶ
1085 1573 1310 1656 Τρυγαῖοςῖω·

138 1672 177 1746 οὖ
198 1674 325 1760 κύριον,
347 1672 420 1743 ἀλλ’
444 1676 606 1746 ἐπίθετον
626 1675 802 1748 Διονύσον.
837 1680 923 1746 Hinc
943 1682 1084 1747 incentae
1106 1681 1307 1747 coniecturae

136 1787 257 1852 multae
278 1791 355 1852 sunt
375 1788 545 1874 (cogitanti
560 1789 657 1854 etiam
679 1788 718 1853 de
740 1785 875 1872 ληναῖος
896 1792 930 1855 et
942 1783 1101 1874 Λήναιος
1120 1787 1308 1852 distinctum

137 1897 223 1958 certe
249 1893 488 1980 aPhilopono‚
514 1918 541 1962 v.
563 1896 702 1962 Lobeck.
724 1896 856 1980 paralip.
874 1918 906 1981 p.
928 1897 1015 1979 emh
1047 1897 1168 1961 certam
1192 1893 1310 1960 ferenti
1393 1980 1394 1983 Ἴ

136 2000 274 2086 gratiam
298 1998 499 2068 habebimus.
527 2040 569 2050 —
600 1995 759 2081 Φίλαιος,
790 1997 950 2079 Νίκατος,
978 1997 1130 2084 Τίμαιος.
1178 1996 1308 2065 Νίκαια

138 2106 231 2190 (uxor
251 2106 443 2192 Lysimachi)
471 2108 577 2175 Stnab.
601 2108 662 2175 XII
688 2115 757 2177 565.
802 2103 932 2188 Τίμαιον
962 2113 1057 2193 (uxor
1076 2109 1205 2196 Agidis)
1226 2109 1304 2175 Ath.
1318 2112 1390 2184 (308)

138 2213 233 2284 5351).
275 2209 440 2299 Πήδαιος.
478 2209 651 2300 Πείραιος.
694 2215 766 2284 Soli.
787 2217 906 2283 Harlei.
943 2224 1045 2286 0540
1067 2211 1198 2294 „olims
1214 2207 1308 2298 Ἀρί-

137 2330 309 2404 σταοχοςίί.
350 2323 421 2389 Ηοο
444 2327 524 2389 nota
548 2328 682 2390 vexatur
701 2325 928 2390 Buttmannus.
970 2323 1037 2390 Sed
1063 2328 1113 2390 est
1137 2323 1307 2388 annotatio

138 2429 178 2496 de
203 2434 337 2497 accentu
365 2431 507 2496 nominis
527 2425 755 2512 Hedoccoglffl.
782 2467 824 2479 -
850 2429 1127 2514 Proparoxytona3
1156 2433 1242 2495 certe
1270 2450 1309 2496 ea

137 2541 403 2622 pnoparoxytono,
425 2559 507 2622 quae
528 2560 626 2604 unam
645 2537 769 2603 habent
793 2536 933 2602 mediam
957 2540 1202 2602 consonantem:
1232 2558 1307 2602 nam

138 2643 252 2728 siqua
272 2642 351 2708 duas
372 2644 495 2710 habent
520 2666 561 2710 an
583 2644 687 2709 eidem
708 2641 825 2710 canoni
846 2643 991 2709 subiecta
1017 2643 1083 2709 sint
1102 2644 1165 2710 hoc
1185 2644 1306 2709 nescio.

137 2748 191 2816 Sic
216 2753 309 2834 pater
329 2747 498 2816 Tolmidae
523 2755 632 2816 utrum
657 2749 827 2831 Τολμαῖσς
847 2772 887 2814 an
913 2743 1084 2830 Τόλμαισς
1104 2751 1147 2815 eit
1166 2751 1230 2817 hoc
1251 2755 1308 2816 aut

136 2874 189 2921 res
210 2860 268 2921 eut
287 2876 359 2922 mea
379 2878 432 2923 me
450 2858 561 2943 inopia
581 2858 755 2926 diiudicare
775 2860 871 2923 vetat.
911 2856 995 2923 Item
1015 2879 1082 2923 non
1102 2879 1236 2942 possum
1258 2858 1308 2922 di·

139 2984 211 3029 cere
226 2960 266 3029 de
279 2964 329 3044 iis,
348 2984 432 3049 quoe
453 2987 472 3030 a
491 2962 609 3030 futuris
630 2970 716 3031 sunt
752 2957 935 3050 Μνήσαιος
949 2968 998 3030 est
1014 2962 1125 3042 Quint.
1141 2962 1207 3031 Sm.
1222 2965 1244 3027 1
1256 2969 1305 3034 88.

137 3070 307 3154 Amatne
326 3073 365 3134 A
385 3077 455 3140 τοι.

221 3178 253 3259 5)
273 3175 336 3240 Per
349 3199 384 3243 se
398 3180 572 3264 spectanda
591 3180 729 3245 maxima
751 3180 844 3265 copia
862 3179 1109 3264 peregrinorum
1129 3178 1306 3259 nominum,

139 3302 221 3366 quae
241 3281 353 3349 Graeci
373 3284 408 3349 in
428 3285 512 3352 hanc
532 3287 669 3352 formam
690 3287 858 3352 deflectere
879 3286 1038 3366 amabant,
1058 3285 1115 3351 sed
1135 3286 1308 3351 maximam

138 3392 263 3473 partem
283 3389 365 3457 latet
386 3393 494 3482 origo,
514 3393 642 3459 Persica
663 3393 750 3474 dico,
770 3392 898 3473 Indica,
917 3391 1057 3478 Illyrica,
1084 3392 1203 3458 similia
1223 3394 1308 3476 (Βα-

139 3498 244 3578 γαῖος,
266 3496 435 3578 Μαζαῖος,
458 3502 634 3584 Σαγγαῖος,
657 3504 739 3585 cet).
756 3539 797 3549 —
817 3499 1169 3584 Propenspomena²1¹.

204 3697 263 3739 ⁹⁰⁹·
280 3697 328 3767 <In
348 3696 449 3753 ultima
469 3697 574 3768 pagina
590 3698 634 3756 cd,
652 3698 681 3752 H
698 3697 828 3754 Lehrsius
845 3696 980 3767 addidit>
1004 3696 1037 3751 ln
1053 3695 1110 3752 fine
1126 3696 1226 3753 scholii
1242 3696 1306 3753 scri-

138 3779 203 3836 bere
221 3778 360 3836 debebam
376 3789 521 3851 τρνγαῖος.
550 3781 622 3836 Nam
639 3785 752 3839 tantum
767 3785 865 3853 patere
883 3781 1002 3844 videtur,
1019 3780 1050 3834 in
1067 3781 1121 3835 hoc
1137 3779 1241 3836 scholio
1259 3781 1308 3836 do·

139 3860 202 3928 ceri,
219 3870 359 3936 τρνγαῖος
375 3862 412 3918 ab
429 3869 527 3935 τρογῶ
544 3866 597 3922 hoo
614 3869 732 3922 accentu
750 3883 807 3922 esse
827 3864 974 3936 epitheton
990 3862 1131 3932 Dionysii,
1154 3863 1309 3928 Διονύσιος

139 3953 289 4016 τρνγατσςτ
310 3949 341 4003 ct
361 3949 443 4016 putes
465 3947 593 4004 additum
609 3947 705 4006 fuisse:
732 3950 767 4005 τὸ
784 3948 819 4006 de
835 3950 938 4020 κύριον
956 3949 992 4004 τὸ
1008 3947 1088 4019 παρὰ
1105 3939 1307 4017 Ἀριστοφάνει

142 4031 292 4102 Τρύγαιος.
322 4029 443 4097 Quodsi
459 4032 500 4088 ita
516 4037 560 4089 eet
576 4037 606 4089 et
622 4033 645 4088 si
661 4033 767 4089 scholio
779 4033 985 4104 Aristophaneo
1001 4031 1078 4096 fides
1095 4031 1220 4087 scholion
1236 4029 1307 4086 illud
1326 4049 1329 4054 ·
1398 4068 1403 4079 .

136 4113 173 4167 ad
189 4112 307 4171 Iliadem
322 4115 514 4171 Herodianum
530 4133 587 4172 non
603 4116 746 4188 integrum
762 4118 854 4174 refert.

204 4200 246 4243 ²1⁰
279 4198 414 4269 Πείροος
435 4203 531 4257 Υ484.
559 4199 659 4271 Πειρώ
675 4201 719 4257 Et.
736 4202 773 4255 M.
794 4206 851 4265 327,
873 4206 913 4257 11,
942 4198 1158 4271 Helpwc'lhetz.
1171 4199 1251 4255 Hom.
1264 4201 1305 4254 42.

135 4279 211 4336 Haec
222 4292 280 4338 non
290 4280 373 4338 nimis
384 4281 476 4341 miror.
503 4282 558 4338 Sed
571 4280 699 4354 Πείροος
716 4286 752 4356 (Β
766 4287 827 4355 844)
845 4284 974 4340 doctrina
991 4300 1053 4339 mea
1069 4300 1127 4339 non
1144 4282 1307 4352 assequitur.

202 4362 242 4409 ¹¹¹
277 4364 372 4422 Scribe
393 4366 744 4432 TcdctocHerodVIISh
772 4365 810 4423 ht
826 4371 949 4432 Λιλαϊος
965 4367 1066 4424 Aesch.
1081 4367 1155 4423 Pers.
1174 4371 1231 4422 ³1³.
1244 4369 1305 4422 eol.
