3008 4980
200 295 261 357 240
382 287 429 345 III.
451 287 492 342 De
510 284 663 342 Aristarchi
681 283 798 341 scientia
814 281 992 354 antiquitatis
1009 281 1183 338 Homericae.

135 465 183 517 243
201 457 243 522 tis
275 479 468 542 quamquam
494 456 582 522 haud
613 455 723 521 multis
748 454 825 520 satis
851 457 960 519 tamen
985 451 1169 536 intelligere
1194 448 1283 529 licet,
1305 468 1354 513 nec

198 566 263 630 ianr
291 587 371 649 opus
406 565 466 630 erit
494 568 532 629 ut
557 564 733 649 quidquam
763 560 1050 628 commendationis
1082 566 1180 625 causa
1203 557 1353 623 addamus.

136 687 186 737 244
201 672 346 738 Eandem
367 672 452 738 uam
472 672 637 758 ingressus
660 675 744 737 esset
761 668 1001 749 Eratosthenes,
1021 667 1085 733 nisi
1103 667 1159 732 hic
1177 667 1212 731 in
1233 684 1354 750 geogra-

199 779 302 865 phicis
325 779 535 846 substitisset:
561 779 814 865 chorographica
835 800 901 844 non
918 780 1105 862 persecutus
1120 778 1179 841 cst.
1222 773 1295 838 Hoc
1310 793 1355 837 eur

200 889 326 953 credere
353 909 482 954 necesse
510 888 567 966 sit,
596 887 680 952 infra
706 909 915 972 exponemus
946 884 1003 950 ubi
1029 886 1067 950 de
1092 883 1182 950 Ulixi
1209 881 1355 947 erroribus

200 996 297 1062 verba
316 995 479 1061 faciemus.
521 995 573 1060 Ab
595 994 782 1060 Aristarcho
807 994 1008 1078 aliquantum
1028 991 1166 1076 profecit
1186 988 1355 1055 Demetrius

201 1102 358 1188 Scepsius,
381 1105 488 1169 omnia
503 1103 731 1188 Apollodorus,
753 1106 785 1168 et
805 1102 846 1168 ab
868 1103 930 1167 hoo
951 1104 1089 1185 utroque
1103 1098 1199 1163 fluxit
1213 1095 1356 1182 quidquid

200 1212 234 1276 in
254 1212 304 1276 his
325 1213 421 1277 rebus
443 1211 559 1278 Strabo
582 1211 688 1276 sobrie
710 1214 743 1276 et
763 1233 840 1276 sano
860 1209 979 1275 iudicio
1001 1211 1039 1272 ut
1059 1205 1247 1273 satisfacere
1268 1202 1357 1289 possit

201 1319 383 1405 disputavit.
419 1319 454 1386 si
480 1320 552 1404 quis
579 1319 618 1384 de
642 1318 809 1385 Strabonis
834 1318 979 1384 fontibus
1002 1315 1170 1399 disputans
1191 1313 1240 1378 ita
1261 1310 1358 1376 scribit

200 1431 237 1492 ut
262 1428 395 1494 intentis
426 1427 525 1492 oeulis
553 1426 731 1510 speculanti
757 1426 856 1492 semel
879 1426 931 1491 vel
956 1424 1007 1490 bis
1032 1421 1228 1508 Apollodori
1253 1440 1359 1485 nomen

202 1539 355 1615 occurrat,
375 1535 403 1600 is
417 1535 555 1600 multum
569 1535 662 1602 abest
675 1539 712 1600 ut
725 1535 811 1600 hunc
825 1533 933 1600 locum
948 1531 1131 1598 exhauserit
1141 1529 1194 1594 ¹⁵².
1216 1527 1281 1615 <Of
1293 1526 1359 1593 Ben

200 1734 286 1789 Filius
303 1735 392 1789 Ulixis
420 1734 581 1805 Τηλέγονος
602 1738 631 1790 et
657 1733 823 1804 Τηλέδαμος
843 1731 920 1790 Eust.
942 1737 1018 1787 1796:
1041 1730 1116 1800 quod
1138 1747 1197 1785 non
1218 1728 1301 1783 video
1321 1742 1361 1780 cur

201 1819 283 1875 aliter
304 1818 425 1890 accipiat
445 1819 566 1874 Mdtzell.
588 1819 652 1877 Hes.
673 1837 701 1890 p.
726 1823 781 1875 178.
820 1816 1002 1887 Hurygoneae
1028 1818 1110 1885 pater
1131 1815 1269 1886 Περίφας
1293 1809 1360 1882 apud

202 1903 402 1972 Pherecydem,
425 1903 508 1958 schol.
531 1903 635 1960 Phoen.
654 1908 699 1967 53,
719 1897 862 1973 Ὺιιέρφας
883 1900 1012 1972 Apollod.
1034 1901 1077 1955 IlI
1095 1906 1123 1964 5,
1142 1904 1165 1957 8.
1197 1899 1316 1952 Pausan.
1330 1893 1362 1948 lll

198 1994 221 2052 5,
241 1994 280 2043 11.
309 1989 385 2043 Inter
402 1987 471 2042 filios
489 1987 668 2043 Athamantis
686 1991 716 2041 et
732 1986 918 2042 Themistonis
936 1989 978 2040 est
994 1977 1155 2056 Ἑρύδριος,
1172 1982 1309 2038 Herodor.
1324 1996 1363 2048 ap,

197 2072 283 2128 schol.
300 2072 429 2142 Apellen.
448 2072 475 2126 Il
495 2078 567 2128 1144.
601 2073 730 2143 Apollod.
749 2074 764 2126 Ι
779 2077 803 2140 9,
821 2077 849 2127 2:
868 2071 915 2141 qui
933 2072 1010 2126 idem
1027 2072 1070 2125 est
1086 2070 1163 2140 apud
1179 2068 1314 2124 Nonnum
1330 2063 1363 2120 IX

199 2162 246 2212 317
270 2158 457 2226 Πορφυρίων.
499 2157 586 2213 Heres
607 2157 729 2223 Atticus,
758 2158 803 2212 cui
824 2158 954 2212 funebres
976 2155 1036 2210 ludi
1059 2154 1290 2218 celebrabantur,
1312 2153 1364 2207 erat

199 2233 358 2312 Εὐρυγόης,
380 2259 464 2311 quem
486 2242 600 2298 fuerunt
619 2242 667 2311 qui
686 2243 805 2298 eundem
822 2245 957 2312 putarent
975 2259 1038 2296 cum
1054 2239 1219 2308 Androgeo,
1235 2242 1270 2294 ut
1286 2238 1364 2304 Hesy-

200 2325 277 2380 chius
298 2325 383 2380 refert
400 2345 420 2384 s.
439 2319 484 2383 ἐπ’
500 2321 641 2397 Εὐρυγόη.
677 2327 912 2382 Commemoravit
933 2328 987 2382 hoc
1008 2325 1057 2380 ubi
1081 2325 1115 2380 de
1132 2325 1188 2379 hoc
1205 2323 1363 2394 argumento

199 2410 343 2465 nominum
367 2411 520 2482 duplicium
541 2412 650 2468 locutus
673 2416 715 2468 est
737 2413 926 2467 Buttmannus
943 2411 1059 2480 Mythol.
1081 2411 1110 2466 II
1125 2428 1155 2480 p.
1175 2414 1215 2466 13.
1250 2408 1364 2462 Οοηιιυο

200 2498 290 2550 morat
301 2495 406 2550 ibidem
418 2497 489 2551 illud
503 2497 622 2553 alterum
633 2498 852 2567 Hesychianum:
869 2489 1016 2568 Ἀριδήλαν
1031 2499 1084 2566 τὴν
1093 2487 1242 2565 Ἀριάδνην
1251 2495 1365 2563 Κρῖγιες.

200 2579 280 2646 Quod
297 2581 398 2636 mirum
414 2581 503 2637 videri
526 2583 610 2639 debet
631 2582 841 2638 recordantibus
857 2574 1003 2653 Ἀριάδνην
1020 2597 1077 2636 ease
1093 2571 1260 2650 Ἀριάγνην,
1283 2568 1366 2633 ἁδνόν

199 2668 295 2720 autern
310 2669 381 2721 teste
393 2667 532 2737 Hesychio
550 2685 601 2738 pro
619 2665 710 2737 ἁγνόν
723 2668 822 2722 dixisse
833 2668 941 2723 Cretes:
960 2683 1016 2737 qua
1028 2665 1063 2720 de
1074 2681 1105 2719 re
1113 2662 1229 2734 egregia
1240 2658 1366 2718 Meinehii

199 2754 267 2805 nota
288 2753 331 2805 est
352 2750 389 2805 ad
411 2751 527 2808 Theocr.
550 2752 591 2807 IV
609 2759 648 2808 17.
689 2752 718 2807 si
739 2752 827 2822 igitur
852 2751 944 2822 ipsum
965 2768 1068 2806 nomen
1084 2742 1219 2819 Ἀριάδνη
1241 2746 1273 2801 in
1290 2746 1366 2801 crea

200 2838 291 2890 ortum
303 2836 448 2906 probabile
460 2836 578 2904 videtur,
591 2837 712 2908 suspicio
724 2836 791 2892 oriri
803 2839 904 2906 potest,
919 2853 991 2905 quae
1005 2835 1035 2889 in
1049 2833 1146 2888 fabula
1157 2835 1231 2888 esset
1241 2831 1366 2894 Ariadne,

200 2920 318 2975 eandem
347 2923 380 2975 ut
402 2921 483 2975 deam
504 2921 549 2977 vel
575 2922 720 2977 heroinam
745 2925 855 2977 mutata
880 2921 1000 2976 nominis
1020 2920 1110 2976 forma
1131 2918 1162 2972 in
1184 2917 1264 2972 cultu
1289 2914 1366 2971 fuine

199 2996 355 3075 Ἀριδὴλαυ.
385 3004 422 3061 Et
444 3006 479 3061 de
503 3005 586 3060 simili
609 3024 691 3061 causa
712 3007 743 3060 in
764 3005 894 3076 Eurygye
916 3005 1039 3076 cogitare
1060 3002 1166 3059 licebit.
1201 3003 1236 3056 In
1258 2997 1367 3056 Hesiodi

199 3106 279 3144 versu
297 3090 333 3144 ab
351 3090 491 3158 Hesychio
509 3090 594 3145 allato
613 3090 765 3161 Εὐρυγύης
782 3094 798 3146 δ
803 3083 811 3105 ’
829 3088 986 3161 ἐπίκουρος
1003 3083 1150 3158 Ἀθηνάων
1168 3079 1279 3158 ἱεράων
1296 3086 1367 3157 (nam

199 3174 271 3228 hanc
294 3174 519 3230 emendationem
541 3193 592 3245 pro
616 3171 659 3231 ἔτι
676 3180 784 3247 κοῦρος
805 3179 837 3231 ut
854 3175 1016 3230 facillimam
1033 3171 1191 3242 sequemur)
1214 3170 1368 3241 ἐπίκουροί

199 3275 257 3313 non
273 3259 449 3328 intelligatur
467 3259 502 3314 de
519 3277 559 3324 eo,
579 3259 627 3329 qui
644 3258 724 3314 vivus
740 3259 795 3314 illis
812 3260 843 3314 in
860 3259 934 3314 bello
952 3260 1041 3314 socius
1058 3257 1119 3324 suit,
1137 3256 1187 3311 sed
1205 3255 1241 3311 de
1259 3271 1306 3322 eo,
1323 3249 1367 3323 qui

200 3360 307 3407 caesus,
330 3343 430 3398 deinde
451 3344 530 3399 iustis
548 3343 754 3415 expiationibus
777 3345 905 3416 placatus
924 3363 999 3399 nunc
1020 3341 1151 3399 heresiis
1169 3341 1367 3409 sociusetpar

136 3430 183 3480 244
201 3429 297 3481 tronus
316 3445 373 3483 esse
391 3431 517 3499 putatur:
546 3433 574 3484 et
592 3428 706 3498 quidem
723 3432 798 3485 tecto
817 3429 927 3485 nomine
945 3428 1088 3498 Eurygyes
1105 3443 1157 3497 pro
1174 3427 1325 3496 Androgeo
1340 3424 1367 3477 in

201 3511 278 3567 cultu
296 3512 394 3570 dietus.
434 3513 498 3568 Non
519 3512 585 3567 satis
606 3516 702 3583 aperte
730 3513 765 3568 de
782 3514 926 3583 Androgei
948 3513 1024 3568 cultu
1046 3511 1171 3580 loquitur
1188 3507 1368 3566 Pausaniaal

201 3601 224 3661 1,
236 3603 252 3650 4
267 3593 328 3652 dou
341 3597 435 3653 δὲκαὶ
447 3590 605 3667 Ἀνδρόγεω
618 3592 718 3669 βωμὸς
729 3602 782 3653 τοῦ
792 3600 889 3653 Μίνω·
904 3601 1036 3654 καλεῖται
1048 3595 1080 3652 δὲ
1092 3585 1193 3667 ἥρωος.
1210 3587 1367 3665 Ἀνδρόγεω

200 3679 233 3736 δὲ
258 3674 328 3738 ὄντα
355 3677 451 3737 ἴσασιν
473 3675 518 3746 οἷς
540 3677 621 3737 έστιν
644 3680 779 3750 ένιιμελές
795 3676 832 3738 τὰ
849 3675 977 3754 ἐγχώρια
995 3679 1182 3752 σαφέστερον
1197 3684 1260 3736 τῶν
1276 3674 1369 3736 ἄλλον

200 3761 386 3822 ἐπίστασθαι.
416 3765 462 3820 An
478 3764 589 3836 scripsit
609 3768 741 3822 καλεῖται
765 3764 798 3821 δὲ
815 3765 987 3836 Εὐρυγύουλ
1004 3797 1038 3807 -
1055 3764 1179 3820 Heroum
1200 3767 1231 3820 et
1246 3763 1369 3820 heroine·

201 3868 263 3905 rum
283 3850 417 3907 terminos
439 3867 581 3906 excessero
604 3868 668 3905 mox
691 3853 837 3907 occurrent
854 3849 1008 3921 Harpyiae,
1031 3852 1066 3905 de
1085 3850 1185 3921 quibus
1202 3847 1369 3905 admonendi

202 3952 285 3990 causa
302 3936 357 4006 (est
369 3936 444 3991 enim
457 3936 546 3991 maior
558 3954 643 4006 quarn
661 3952 694 3991 eo
712 3937 773 3992 loco
791 3936 903 3991 videtur
920 3935 1032 3990 illarum
1047 3936 1078 3990 in
1094 3934 1256 3990 nominibus
1266 3934 1370 3990 variata

201 4019 366 4091 aequalitas)
383 4039 487 4093 ponam
496 4022 566 4077 haec
584 4039 619 4077 ex
631 4021 800 4091 Apollodoro
818 4024 914 4076 nostro
932 4022 980 4086 19,
994 4025 1025 4075 21
1044 4013 1152 4089 ταύτην
1170 4017 1200 4075 οἳ
1215 4017 1370 4088 μὲνΝικο·

202 4099 290 4177 δόην,
309 4103 338 4161 οἳ
355 4104 387 4161 δέ
405 4098 577 4162 Ἀελλόπουν
597 4109 744 4161 καλοῦσιν.
777 4105 845 4176 ἡδὲ
864 4103 951 4175 ἑτέρα
975 4105 1138 4174 καλουμένη
1155 4095 1312 4174 Ὠκυπέτη,
1333 4091 1371 4166 ‹o‘e

202 4188 234 4247 δὲ
252 4185 325 4246 ἔνιοι
343 4181 478 4260 Ὠκυθόη,
493 4191 629 4254 Ἡσίοδος
647 4188 680 4245 δὲ
696 4189 775 4258 λέγει
794 4188 883 4260 αὐτὴν
898 4182 1069 4259 Ὠκυπόδην.

268 4274 307 4317 152
323 4272 386 4329 Non
397 4273 478 4344 potui
489 4273 661 4329 mentionem
678 4273 771 4330 facere
788 4273 819 4330 in
834 4275 889 4330 hac
907 4272 1097 4344 disputatione
1110 4271 1277 4330 Polemonis.
1301 4270 1371 4327 Nam

202 4358 234 4414 in
257 4362 427 4432 περιηγήσει
447 4350 531 4415 Ἰλίου
554 4358 653 4432 (Suid.)
680 4376 717 4416 an
739 4359 774 4414 de
792 4359 940 4416 Homerica
962 4361 1054 4415 aetate
1076 4358 1203 4428 pluribus
1225 4357 1330 4416 dixerit
1345 4358 1373 4413 et
