3046 4980
217 347 278 411 238
398 339 444 395 111.
467 337 509 394 De
526 336 679 393 Aristarchi
696 333 814 393 scientia
831 333 1008 405 antiquitatis
1024 331 1196 389 Homericae.

218 500 288 572 ἔστι
310 504 347 572 δὲ
366 510 427 596 τῆς
446 500 672 590 τετρακαμίας
691 508 752 591 τῆς
772 501 850 588 περὶ
867 495 1050 587 Τάναγραν,
1068 495 1240 577 Ἐλεῶνος,
1256 492 1388 580 Ἀρμα-

217 637 284 694 τος,
309 614 547 701 Μυκαλησσοῦ,
576 617 703 703 Φηρῶν.
745 605 912 701 γράφουσι
934 607 971 676 δὲ
992 607 1165 676 καὶτοῦτο

362 716 479 788 Νῦσάν
499 745 535 788 τε
557 719 683 810 ζαθέην
706 763 753 787 -.

218 821 313 917 κώμη
335 823 367 896 δ’
389 827 458 897 ἐστὶ
477 833 535 896 τοῦ
552 824 729 907 Ἑλικῶνος
748 823 769 916 ἡ
794 830 899 895 Νδσα.

138 952 209 1020 (248)
303 938 392 1006 Phea
419 944 488 1005 erat
517 940 595 1005 urbs
626 961 726 1025 prope
759 960 845 1004 mare
874 936 936 1002 sita
960 938 992 1018 (ο
1015 938 1102 1018 297);
1130 954 1212 1018 quae
1237 933 1280 998 ob
1305 931 1390 998 hanc

220 1067 349 1112 causam
377 1047 483 1113 minus
508 1051 582 1132 apte
609 1047 677 1112 visa
704 1049 754 1111 est
777 1042 1020 1112 commemorari
1041 1045 1081 1104 H
1101 1046 1160 1109 135
1183 1041 1391 1124 (quamquam

221 1156 271 1218 est
289 1156 408 1238 aptum,
427 1158 465 1220 ut
483 1154 586 1241 magis
601 1155 699 1219 etiam
712 1154 912 1240 pruriginem
925 1151 1070 1217 mutandi
1084 1148 1268 1230 intelligas).
1307 1144 1392 1223 Quid

220 1261 321 1348 igitur
346 1263 545 1327 moliuntur?
582 1261 700 1328 Narrat
726 1261 843 1328 Strabo
870 1258 949 1326 Vlll
977 1281 1008 1343 p.
1034 1264 1095 1327 348
1120 1258 1171 1343 ῥεῖ
1197 1251 1234 1320 δὲ
1263 1252 1391 1335 (fluvius

218 1361 373 1453 Ἀκίδιυν)
395 1367 488 1454 παρὰ
510 1362 619 1456 τάφον
637 1362 807 1452 Ἰαρδάνου
829 1364 886 1432 καί
908 1358 1002 1432 Χάαν
1023 1359 1124 1429 πόλιν
1146 1359 1229 1428 ποτὲ
1242 1352 1392 1445 δπάρξα-

220 1497 282 1541 σου
302 1471 444 1563 πλησίον
456 1472 627 1563 Λεπρέου,
652 1472 740 1543 ὅπου
762 1473 819 1542 καί
838 1473 877 1541 τὸ
899 1469 1018 1540 πεδίον
1040 1470 1078 1538 τὸ
1094 1464 1279 1537 Λίπάσιον.
1315 1464 1393 1553 περὶ

220 1575 339 1672 ταύτης
369 1581 405 1650 δὲ
433 1587 494 1672 τῆς
520 1577 621 1662 Χάας
646 1580 807 1669 γενέσθαι
832 1580 933 1673 φασίν
960 1576 1045 1648 ἔνιοι
1070 1578 1127 1646 τὸν
1153 1573 1304 1660 πόλεμον
1321 1577 1393 1652 τοῖς

218 1684 358 1774 Ἀρκάσι
383 1690 470 1778 πρὸς
494 1690 572 1770 τοὺς
598 1687 760 1772 Πυλίους,
797 1682 836 1759 δν
871 1686 1014 1780 ἔφρασεν
1037 1684 1201 1774 Ὅμηρος,
1237 1682 1294 1750 καί
1323 1683 1393 1749 δεῖν

223 1792 353 1865 οἴονται
374 1795 515 1887 γράφειν
537 1803 589 1885 (Η
609 1805 681 1884 135)

366 1901 475 1994 ἡβῷμ’
499 1903 544 1986 ὡς
565 1901 611 1974 ὅτ’
636 1901 687 1973 ἐπ’
711 1901 849 1994 ὠκυρόῳ
869 1900 1091 1972 Ἀκίδαντι150
1112 1896 1257 1985 μάχοντο
1351 1916 1356 1927 ’

369 2009 548 2101 ἀγρόμενοι
569 2009 697 2081 Πύλιοί
716 2038 752 2080 τε
773 2013 831 2081 καί
849 2008 1008 2099 Ἀρκάδες
1029 2005 1269 2098 (ἐγχεσίμωροι)

367 2118 467 2200 Χάας
487 2120 557 2209 πὰρ
578 2119 798 2204 τείχεσσιν-
1359 2196 1362 2201 ,

225 2223 263 2294 οὐ
285 2226 474 2296 Κελάδοντι
496 2224 575 2297 οὐδὲ
600 2234 715 2309 Φειᾶς·
736 2235 784 2318 τῷ
804 2228 866 2316 γάρ
887 2223 985 2318 τάφῳ
1006 2231 1065 2295 τοῦ
1082 2221 1253 2310 Ἰαρδάνου
1275 2225 1393 2288 τοῦτον

224 2329 420 2423 πλησιάζειν
441 2335 498 2403 καί
518 2341 590 2415 τοῖς
607 2331 747 2426 Ἀρκάσι
766 2336 825 2405 τὸν
844 2330 950 2404 τόπον
971 2335 1098 2420 μᾶλλον
1118 2328 1142 2422 ἢ
1164 2330 1353 2399 δκεῖνονίίί.

230 2468 452 2485 -t—-n--A

292 2541 330 2582 1⁵⁰
346 2537 391 2593 Sic
408 2539 561 2594 necessario
579 2540 737 2610 legendum.

292 2625 329 2666 151
345 2623 383 2678 Hi
396 2623 483 2693 igitur
494 2623 693 2680 intellexerunt
710 2617 854 2696 Ἰαρδάνου
873 2617 948 2695 α’μφί
965 2619 1076 2696 ῥέεθρα
1093 2622 1130 2678 ad
1147 2620 1263 2677 fluvium
1274 2615 1394 2682 landam,

224 2707 251 2761 h.
270 2724 292 2762 e.
313 2707 361 2776 qui
378 2708 492 2764 Iardani
509 2708 650 2764 tumulum
667 2708 849 2780 praeterfluit.
861 2740 895 2750 —
906 2707 1037 2764 Ceterum
1054 2709 1150 2762 manet
1167 2706 1197 2762 in
1215 2722 1247 2761 eo
1265 2705 1326 2759 loco
1344 2702 1394 2756 dif-

225 2791 341 2847 ficultas.
370 2793 488 2865 Propter
499 2785 644 2864 Ἰαρδάνσυ
657 2784 732 2863 άμφί
749 2789 861 2865 ῥέεθρα
871 2810 929 2848 non
945 2795 1040 2864 potest
1052 2791 1197 2848 Κελάδονν
1213 2805 1316 2844 nornen
1332 2803 1394 2857 pro·

224 2875 317 2945 prium
336 2875 413 2932 fluvii
431 2894 500 2941 esse,
524 2880 554 2933 et
569 2893 613 2934 res
631 2878 730 2933 eadem
752 2870 931 2934 siilaeldovu
948 2877 1142 2933 substituatur.
1178 2875 1239 2930 Hoc
1255 2870 1396 2928 intellexit

224 2961 412 3019 Aristarchus:
435 2980 520 3032 quare
532 2956 686 3018 κελάδουτι
698 2979 749 3034 pro
767 2961 906 3018 adiectivc
925 2961 1035 3033 accepit
1051 2961 1105 3016 hac
1123 2962 1191 3015 nota
1209 2957 1350 3029 apposita:
1368 2944 1398 3025 (ri

225 3045 320 3116 διπλῆ)
343 3041 389 3101 δτι
414 3044 514 3109 ἰδίοις
534 3045 572 3102 τὰ
590 3045 714 3103 ἐπίθετα
731 3040 881 3119 προτάξας
897 3040 932 3101 τδ
948 3046 1051 3117 κύριον
1068 3043 1215 3116 ἐπήγαγεν
1231 3034 1397 3113 ,Ἰαρδάνου

226 3120 301 3199 άμφί
319 3126 455 3202 ῥέεθρα.“
488 3129 593 3187 Statuit
615 3131 703 3201 igitur
720 3131 863 3202 quandam
880 3128 1098 3194 anacoluthiam,
1114 3131 1148 3183 ut
1164 3127 1254 3184 oratio
1270 3129 1335 3198 post
1352 3115 1398 3181 ἐπ’
1431 3161 1433 3165 ⁷

228 3204 350 3287 οίκυρόφ
373 3212 526 3271 κελάδονιι
543 3216 702 3287 interrupta
722 3216 877 3280 videretur,
894 3214 995 3271 deinde
1017 3214 1109 3269 denuc
1130 3212 1323 3267 institueretur
1342 3208 1398 3263 illis

226 3288 375 3368 Ἰαρδάνου
398 3290 472 3369 άμφί
494 3299 614 3371 ῥέεθρα.
647 3300 710 3356 Non
726 3301 884 3371 probamus.
920 3299 975 3355 Sed
997 3298 1044 3355 ille
1066 3314 1123 3353 non
1144 3297 1268 3352 habebat
1289 3311 1345 3365 quo
1367 3311 1397 3350 se

227 3384 361 3438 verteret:
387 3401 453 3438 narn
476 3377 629 3441 κελάδοντι
651 3384 831 3456 interpretari
852 3383 979 3452 „fluvio“,
1002 3382 1077 3452 quod
1100 3382 1215 3451 quidam
1231 3381 1323 3436 facere
1339 3397 1397 3436 non

227 3466 409 3534 dubitabant,
434 3467 475 3523 illi
497 3467 528 3523 in
549 3472 673 3525 mentem
692 3469 786 3525 venire
803 3486 861 3525 non
878 3471 1003 3541 poterat,
1019 3468 1091 3523 bena
1108 3482 1209 3537 gnaro,
1227 3464 1295 3534 quid
1312 3465 1398 3520 ferret

228 3552 398 3607 consuetudo
416 3552 537 3610 Homeri.
571 3552 644 3623 Ergo
667 3554 793 3609 restabat
813 3557 847 3608 ut
865 3554 910 3608 vel
927 3570 1037 3608 versum
1055 3556 1103 3607 133
1122 3552 1167 3607 vel
1186 3555 1233 3608 135
1252 3547 1332 3605 obelo
1349 3565 1397 3605 nc·

226 3639 311 3692 taret:
332 3636 385 3692 nisi
397 3637 424 3693 ei
442 3637 601 3706 syntectica
612 3637 692 3702 ratio,
711 3656 796 3707 quam
814 3638 941 3702 diximus,
961 3638 1032 3692 mira
1049 3637 1163 3706 quidem
1179 3635 1228 3691 sed
1245 3633 1398 3690 tolerabilis

227 3721 286 3775 visa
303 3724 382 3777 esset.
409 3722 539 3777 Ceterum
556 3721 692 3790 Didymus
709 3723 763 3778 hoc
780 3724 842 3778 loco
861 3722 964 3778 dicitur
980 3723 1112 3793 probasse
1131 3723 1243 3791 Φὴρηςι
1260 3715 1399 3787 ,ἄμεινον

228 3796 281 3862 οὖν
304 3806 346 3871 οἷς
368 3807 505 3876 Δίδυμος,
535 3808 617 3882 Φὴρρι
635 3801 760 3879 Σπάρτῃ
781 3810 832 3863 καί
849 3800 1003 3878 Δαρδάνου
1024 3798 1098 3876 άμφί
1120 3802 1231 3876 ῥέεθρα
1254 3804 1282 3874 (l.
1301 3805 1399 3876 Φὴρης

227 3888 287 3962 πὰρ
299 3891 444 3960 τείχεσσιν
456 3880 632 3961 Ἰαρδάνου)·
651 3885 729 3948 οὗτοι
740 3885 796 3961 γάρ
813 3893 863 3947 καί
881 3890 1046 3962 Φερεκύδης
1063 3887 1200 3960 ίστορεΐ“.
1231 3887 1272 3943 Βε
1290 3905 1346 3957 quo
1365 3888 1398 3959 (si

228 3989 326 4029 rerum
347 3975 400 4042 est)
422 3973 461 4029 sic
482 3973 581 4030 iudico.
619 3974 754 4045 Didymus
779 3975 810 4031 in
837 3973 1043 4031 commentariis
1069 3990 1133 4029 cum
1157 3972 1298 4028 variorum
1319 3972 1398 4027 varia

228 4057 373 4113 molimina
384 4057 574 4124 recensuisset,
587 4060 744 4124 addiderat,
757 4061 780 4115 si
792 4060 854 4131 quis
865 4061 958 4115 locum
969 4063 1078 4115 mutare
1090 4058 1183 4122 vellet,
1194 4057 1288 4127 potius
1301 4059 1399 4127 Φὴρης

146 4152 216 4219 (249)
228 4141 406 4197 scribendum
417 4159 487 4198 esse:
505 4143 579 4199 hanc
591 4144 666 4199 enim
676 4144 707 4198 in
718 4144 772 4200 hac
783 4162 813 4201 re
825 4143 1013 4214 Pherecydem
1026 4160 1249 4209 commemorare,
1265 4145 1299 4197 ut
1309 4141 1399 4196 videri

227 4229 322 4297 posset
336 4227 410 4281 hanc
425 4227 575 4284 lectionem
591 4229 621 4282 in
639 4247 687 4285 suo
700 4230 815 4286 Homeri
832 4229 986 4300 exemplari
1002 4229 1156 4284 offendisse.
1185 4228 1266 4283 Hanc
1282 4229 1399 4297 propter

228 4310 464 4380 observationem,
486 4311 510 4367 si
526 4313 656 4383 neglecta
672 4315 773 4384 fuerat,
793 4313 914 4385 gratiam
931 4313 1034 4370 meruit
1050 4313 1198 4383 Didymus:
1225 4314 1351 4368 attamen
1366 4310 1398 4364 in

228 4400 337 4452 textum
346 4413 404 4453 non
414 4396 503 4468 magis
514 4397 611 4454 inferri
621 4399 753 4467 debebat,
765 4417 850 4470 quam
861 4400 967 4456 Κύναν
979 4416 1031 4469 pro
1041 4391 1137 4463 Κίων,
1153 4396 1226 4452 filius
1239 4393 1397 4459 Antenoris,
