3008 4980
506 336 527 385 1.
556 329 598 386 De
614 330 722 400 reliqua
738 337 810 393 facie
827 337 930 393 mundi.
1241 341 1298 403 173

217 495 287 578 §a
326 494 375 559 De
404 496 527 581 reliqua
555 500 636 567 facie
664 505 775 570 mundi
799 504 964 570 Homerici
991 503 1067 587 quid
1094 501 1299 567 Aristarchus

134 601 336 666 observatum
356 601 506 668 habuerit
527 629 565 671 ex
586 613 696 694 paucis
717 613 907 698 fragmentis
930 610 1154 697 cognovimus:

219 711 249 791 1)
272 707 357 786 Quin
386 715 473 777 recte
497 713 613 781 Haden
641 723 674 783 et
699 719 868 785 Tartarum
896 717 1075 785 distinxerit
1102 717 1176 781 inde
1202 718 1300 801 patet,

134 817 222 900 quod
240 818 269 880 Θ
286 823 323 884 16
345 810 475 899 (τόσσον
496 815 603 905 ἔνερθ’
624 817 744 891 Ἀίδεω
768 822 850 893 ὅσον
872 819 1010 910 οάρανός
1023 816 1086 890 ἐστ’
1104 817 1173 890 ἀπὸ
1193 816 1299 908 γαίης)

133 928 315 990 notaverat:
346 919 377 1011 (ἡ
402 925 521 1014 όιπλη)
546 930 645 1014 πρὸς
668 930 737 1021 τὴν
762 927 851 998 καθ’
872 931 1044 1019 Ὅμηρον
1063 934 1131 997 τοῦ
1152 926 1299 1012 κόσμου

133 1026 252 1111 τάξιν.
303 1033 349 1100 cf.
382 1035 496 1103 0225
524 1033 709 1124 ένερτέρους
738 1039 776 1106 δέ
804 1041 901 1108 καλεῖ
928 1039 985 1106 καὶ
1016 1033 1219 1125 οάρανίωνας
1244 1035 1301 1103 καὶ

133 1133 455 1226 ὑποταρταρίους
474 1141 531 1210 καί
549 1149 692 1225 Τιτᾶνας
711 1147 789 1227 τοὺς
809 1147 886 1234 περί
900 1144 1030 1232 Κρόνον
1049 1143 1161 1226 θεούς.
1196 1144 1228 1216 Ξ
1239 1153 1300 1214 279

135 1243 187 1313 ὅτι
202 1246 280 1325 τούς
294 1247 370 1332 περὶ
388 1244 514 1334 Κρόνον
531 1251 634 1332 θεοὺς
647 1253 910 1340 ὑποταρταρίους
930 1249 1179 1339 προσαγορεύει.
1218 1252 1302 1318 Huic

134 1355 208 1422 loco
222 1357 284 1423 hoc
299 1358 520 1444 adiungamus.
560 1363 647 1430 *1173
664 1358 716 1429 ότι
731 1361 825 1441 ἐκτὸς
844 1367 904 1429 τοῦ
925 1365 1079 1445 ποταμοῦ
1100 1355 1301 1426 ὑποτίθεται

134 1461 196 1540 τὰς
215 1467 280 1528 τῶν
302 1458 441 1553 ἀτάφων
461 1463 579 1550 ψυχάς.
620 1469 779 1538 Notatum
804 1476 937 1558 propter
958 1475 1132 1536 extremam
1154 1468 1222 1545 od,
1244 1467 1301 1532 ubi

135 1573 245 1636 statim
267 1573 410 1639 nondum
431 1576 549 1661 sepulti
570 1578 610 1643 ad
631 1580 751 1646 inferos
772 1581 964 1665 perveniunt
985 1580 1064 1661 (sch.
1087 1601 1113 1641 ω
1137 1580 1178 1660 1).

217 1680 249 1763 2)
272 1679 417 1746 Oceanus
437 1683 553 1750 fluvius
575 1691 632 1752 est.
671 1692 698 1749 Υ
718 1696 737 1756 7
759 1679 834 1753 οίίτε
853 1710 903 1763 τις
926 1677 983 1751 οὖν
1003 1688 1173 1768 Ποταμῶν
1195 1675 1301 1768 ἀπέην

136 1777 231 1874 νόσφ’
251 1781 438 1856 Ὠκεανοῖοε
471 1784 504 1878 (η
529 1791 647 1880 όιπλη)
675 1791 726 1860 ότι
747 1793 901 1878 ποταμὸν
922 1790 979 1859 καὶ
1001 1794 1032 1876 (l.
1056 1785 1107 1876 οά)
1125 1784 1301 1856 θάλασσαν

134 1890 193 1958 τὸν
216 1887 371 1960 Ὠκεανὸν
404 1893 626 1982 παραδίδωσι.
672 1903 725 1969 Ab
757 1926 794 1969 ao
824 1902 948 1988 reliqua
978 1901 1111 1967 flumina
1143 1899 1301 1984 originem

134 2000 263 2067 habent
316 2007 347 2066 Φ
374 2012 432 2074 195
459 2009 506 2092 τῷ
533 2001 612 2074 οάόέ
640 2004 758 2093 κρείων
784 2002 962 2089 Ἀχελώϊος
992 2002 1183 2094 ἰσοφαρίζει
1212 1999 1302 2071 oriris*

135 2105 406 2195 βαθυρρείταο
438 2111 536 2198 μέγα
569 2111 951 2202 σθένοςὨκεανοῖο,
987 2113 1025 2196 ἐξ
1053 2103 1155 2198 οὗπερ
1182 2113 1383 2190 nonesto)

135 2215 284 2300 ποταμοὶ
305 2216 361 2284 καί
380 2223 476 2287 πᾶσα
497 2217 674 2289 θάλασσαι
695 2217 728 2313 (ἡ
752 2224 860 2312 όιπλη
879 2219 1141 2310 περιεστιγμένη)
1165 2216 1216 2288 ότι
1235 2226 1303 2307 Ζη-

136 2318 274 2403 νόδοτος
298 2319 398 2394 αὐτόν
425 2323 484 2396 οὐκ
509 2325 647 2422 ἔγραφε·
677 2329 802 2417 γίνεται
831 2330 868 2399 δέ
894 2326 1096 2418 δ’Λχελῷος
1120 2327 1210 2417 πηγὴ
1237 2333 1303 2394 τῶν

137 2425 248 2498 ἀλλων
267 2432 409 2506 πάντων.
443 2432 513 2505 ἔστι
539 2435 674 2505 δὲκαθ’
695 2436 843 2528 Ὅμηρον
869 2433 1063 2516 όὨκεανὸς
1088 2431 1106 2504 ό
1129 2434 1304 2514 ἐπιδιδοὺς

136 2543 223 2606 πᾶσι
236 2540 277 2607 τὰ
292 2539 452 2630 ῥεύματα·
474 2545 528 2613 διὸ
549 2545 705 2614 καὶκατὰ
726 2545 826 2637 τιμήν
847 2571 948 2638 φησιν
968 2540 1071 2626 „obba
1090 2569 1142 2624 τις
1163 2535 1222 2611 οάν
1242 2567 1303 2610 πο·

136 2653 248 2733 ταμῶν
266 2643 374 2740 ἀπέην
395 2649 490 2742 νόσφ’
511 2648 718 2727 'excavatae
752 2657 849 2724 Hunc
869 2678 996 2724 versum
1017 2656 1079 2721 nisi
1097 2654 1302 2720 Aristarchus

137 2759 178 2824 ab
192 2761 324 2827 interitu
340 2764 517 2849 eripuisset,
538 2770 678 2850 quantae
692 2767 806 2833 turbae
826 2767 981 2833 excitatae
1007 2767 1116 2830 essent
1133 2762 1230 2828 hodie
1251 2761 1302 2826 his

138 2869 177 2933 de
199 2870 295 2935 rebus
317 2875 554 2955 quaerentibus.

221 2982 252 3065 3)
278 2981 322 3042 M
344 2985 405 3050 239
430 2984 497 3047 τῶν
521 2976 594 3048 οότι
621 2974 841 3068 μετατρέπομ’
871 2975 944 3048 οὐδ’
973 2974 1129 3066 ἀλεγίζω,
1163 2971 1219 3043 εἴτ’
1246 2973 1303 3043 ἐπί

138 3079 220 3167 δεξί’
245 3080 323 3153 ίιοσι
348 3087 434 3173 πρὸς
457 3082 530 3155 Ἠῶ
555 3084 582 3155 τ’
606 3085 745 3156 Ἠέλιόν
767 3113 818 3170 τε,
855 3084 912 3155 εἴτ’
946 3082 997 3155 ἐπ’
1027 3082 1182 3173 ἀριστερὰ
1212 3078 1302 3169 τοίγε

138 3193 218 3260 ποτὶ
232 3189 336 3285 ζόφον
348 3189 521 3283 ἠερόεντα·
543 3191 575 3285 (ἡ
592 3198 710 3286 όιπλη)
733 3195 785 3266 ότι
800 3193 860 3264 cto
882 3191 1072 3275 διαστάσεις
1093 3185 1182 3261 οἶδεν
1195 3188 1303 3279 Ὅμη-

138 3326 196 3389 ρος
209 3303 379 3387 κοσμικάς,
403 3297 569 3394 ἀνατολὴν
582 3304 639 3374 καὶ
653 3300 761 3373 δόσιν·
782 3305 839 3374 καί
862 3304 954 3387 δεξιὰ
974 3302 1035 3389 μέν
1054 3301 1097 3369 τὰ
1118 3299 1204 3385 πρὸς
1224 3292 1302 3365 ἀνα-

137 3404 248 3490 τολάς,
272 3406 428 3498 ἀριστερὰ
444 3410 481 3479 δέ
493 3412 534 3480 τὰ
549 3413 635 3500 πρὸς
656 3414 782 3499 δυσμὰς
803 3412 901 3499 λέγει.
936 3416 1093 3482 Videmus
1106 3412 1207 3498 igitur
1221 3432 1304 3495 quo-

138 3521 236 3587 modo
255 3523 414 3607 acceperit
434 3547 453 3588 κ
477 3530 545 3608 190,
566 3528 677 3591 contra
699 3547 795 3610 quam
817 3525 927 3592 Crates
948 3524 989 3608 (v.
1012 3521 1110 3588 schol.
1131 3523 1154 3602 β
1176 3521 1216 3604 1).

220 3633 252 3714 4)
273 3631 323 3696 Ι)ε
342 3631 409 3697 ουλε
431 3631 594 3699 occidente
608 3633 769 3699 Homerus
790 3654 876 3697 nunc
898 3632 976 3699 dicit
990 3631 1117 3697 Oceano
1138 3626 1302 3714 submergi
1321 3644 1368 3696 175

138 3760 224 3804 nune
245 3738 351 3805 subire
372 3744 505 3820 terram
534 3746 567 3807 et
590 3741 652 3807 hoe
679 3741 809 3826 quidem
829 3741 864 3804 in
884 3740 1018 3806 heroum
1044 3758 1195 3822 persona,
1222 3734 1304 3800 illud

138 3847 294 3932 cumipse
314 3848 467 3934 loquitur.
501 3851 540 3912 H
552 3853 612 3915 422
632 3840 664 3935 (ἦ
681 3846 799 3933 διπλῆ)
822 3842 875 3912 ότι
896 3840 996 3923 αὐτὸς
1015 3841 1076 3927 μέν
1098 3839 1135 3923 ἐξ
1144 3837 1304 3908 Ὠκεανοῦ
1362 3864 1364 3869 ’

138 3947 330 4020 ἀνατέλλειν
348 3952 405 4021 καί
419 3949 467 4033 είς
477 3947 630 4025 Ὠκεανόν
651 3976 734 4045 φησι
756 3949 985 4020 καταδύεσθαι
1004 3950 1062 4019 τὸν
1083 3946 1194 4037 ἥλιον
1217 3942 1304 4017 ὁπό-

138 4085 198 4126 ταν
220 4059 257 4128 δέ
277 4056 460 4148 πρόσωπον
481 4059 627 4150 ἡρωϊκὸν
648 4056 775 4152 είσοίγη,
799 4057 882 4149 ὑπὲρ
904 4064 964 4149 γῆν
985 4057 1042 4126 καὶ
1062 4051 1128 4125 ἀπὸ
1151 4061 1211 4144 γης
1225 4059 1305 4144 (leg.

138 4163 223 4254 ἀπέρ
249 4174 307 4257 γῆς
330 4170 387 4239 καί
407 4167 474 4239 ἀπὸ
502 4176 563 4258 γῆν
582 4195 655 4240 cum
676 4172 949 4256 Friedlaendero>.
991 4166 1028 4234 τό
1050 4161 1130 4232 αὐτὸ
1154 4163 1191 4231 δέ
1211 4166 1306 4230 ποιεῖ

138 4277 197 4346 καί
218 4276 253 4345 έν
270 4274 455 4371 Ὀδυσσείᾳ.
495 4284 525 4347 Θ
544 4287 605 4351 485
627 4274 660 4367 (ἡ
676 4279 793 4367 διπλη)
816 4275 870 4346 ὅτι
891 4272 990 4353 αὐτὸς
1009 4272 1070 4359 μέν
1091 4267 1305 4353 είςὨκεανὸν

140 4384 279 4457 δύνοντα
300 4388 357 4456 καί
371 4386 409 4469 ἐξ
417 4382 575 4456 Ὠκεανοῦ
597 4384 769 4470 ἀνίσχοντα
788 4383 877 4472 λέγει
897 4383 954 4453 τὸν
971 4378 1080 4472 ἥλιον,
1104 4380 1141 4462 ἐξ
1158 4375 1305 4468 ἡρωϊκοῦ
