3008 4980
217 320 279 383 294
675 311 722 369 IV.
743 311 784 368 De
801 312 937 382 prosodia.

302 478 320 561 ὅ
345 483 391 544 16.
427 476 488 555 Ea,
514 477 549 540 in
577 478 695 560 quibus
716 478 920 546 Herodianus
945 479 1167 546 Aristarchum
1193 503 1384 549 commemo-

218 589 281 665 rat,
304 588 342 651 ut
368 587 455 649 reete
481 584 660 649 iudicemus
689 586 865 651 tenendum
886 588 946 664 est,
976 587 1148 670 quodiam
1168 610 1267 674 supra
1285 591 1385 676 tetigi,

220 692 406 757 Herodiano
421 690 539 775 partim
552 695 759 757 monstruosa
772 692 1014 778 analogetarum
1029 697 1062 758 et
1079 693 1163 759 nihil
1179 717 1249 761 non
1268 700 1384 763 temere

221 799 418 865 tentantium
440 800 723 884 grammaticorum
741 799 896 886 figmenta
915 800 1084 866 refutanda
1105 822 1188 885 esse,
1209 802 1384 887 dequibus

153 908 205 962 298
222 929 282 973 nec
295 905 482 971 Aristarcho
506 928 566 971 nec
579 905 758 971 Aristarchi
778 910 883 972 aetate
905 906 1053 990 cuiquam
1073 907 1108 971 in
1127 911 1273 974 mentem
1292 931 1384 976 vene·

217 1017 268 1079 rat
283 1012 439 1090 dubitare,
461 1034 543 1096 quae
557 1017 685 1078 tantum
697 1013 793 1078 unius
815 1012 984 1079 alteriusve
1005 1015 1207 1099 grammatici
1227 1016 1296 1081 aive
1315 1038 1384 1101 per·

221 1121 339 1186 tinacia
359 1119 425 1184 sive
446 1120 654 1203 perversitate
674 1119 838 1185 iudiciiin
860 1107 1094 1185 dubitationem
1112 1125 1230 1188 vocata
1249 1122 1383 1189 fuerunt

217 1228 273 1294 Uti
295 1226 451 1311 quosdam
476 1227 511 1290 in
539 1226 636 1292 simili
661 1249 696 1292 re
712 1221 888 1308 Ὄλυμπος
908 1219 1133 1304 ολὉδυοσοός
1157 1228 1299 1295 scribere
1319 1252 1383 1295 ma-

216 1333 316 1400 luisse
332 1335 521 1419 acoepimus,
541 1335 588 1400 sic
605 1337 642 1398 ut
663 1334 725 1399 hoc
743 1355 990 1400 commemorem
1011 1354 1070 1398 nec
1091 1333 1193 1400 defuit
1214 1336 1272 1420 qui
1291 1332 1385 1422 μηνίς

217 1463 276 1524 pro
297 1443 396 1528 μηνις
422 1442 606 1525 requireret.
654 1439 783 1507 Nomen
807 1441 933 1506 homini
959 1444 1027 1507 erat
1048 1440 1187 1507 Glaucus
1208 1440 1383 1509 Tarsensis.

216 1547 282 1613 Res
303 1550 458 1613 annotata
484 1549 525 1613 ad
545 1549 646 1633 μη”νιν
665 1539 765 1611 teror.
808 1547 853 1612 Et
877 1548 955 1632 quid
975 1546 1143 1613 absurdius
1171 1546 1255 1635 fingi
1276 1554 1383 1635 potest

135 1662 207 1733 (3⁰9)
220 1676 317 1738 quam
343 1655 430 1738 quod
454 1649 543 1722 Ξ21
571 1658 663 1720 erant
692 1655 748 1738 qui
774 1654 911 1720 scribere
938 1653 1058 1721 vellent
1078 1647 1234 1733 διχδαδί
1255 1647 1280 1743 ἢ
1300 1650 1380 1738 μεθ’

217 1756 336 1843 ὅμιλον
367 1765 476 1825 —ut
501 1761 544 1826 sit
569 1761 771 1826 decurtatum
796 1783 836 1826 ex
861 1756 1031 1848 διχθαδίῃ.
1082 1758 1145 1839 „tt
1167 1758 1297 1849 πλῆρές
1316 1759 1383 1829 aaa

217 1861 381 1948 διχθάδια
405 1862 516 1952 ὥσπερ
538 1863 595 1931 καί
616 1859 829 1950 Ἀρίσταρχος
849 1862 1016 1950 βούλεται.
1058 1863 1114 1933 διδ
1132 1863 1194 1953 τὴν
1211 1872 1284 1949 χθα
1306 1869 1382 1935 cola

216 1972 325 2060 λαβὴν
353 1967 573 2060 όξντονητέον.
619 1969 843 2060 παραιτητέον
875 1969 913 2038 δέ
940 1970 1018 2052 τοὺς
1045 1970 1271 2058 βουλομένους
1298 1968 1382 2044 εἶναι

216 2076 379 2169 διχθαδίη
400 2073 480 2162 μεθ’
504 2076 623 2162 ὅμιλον
644 2077 701 2145 καί
724 2078 785 2168 τὴν
807 2081 841 2146 δι
865 2077 1034 2167 συλλαβὴν
1055 2074 1264 2162 ostrow.
1306 2085 1382 2152 Par-

214 2191 275 2254 tim
300 2191 369 2275 ipse
390 2188 594 2254 Herodianus
615 2192 775 2254 certorum
797 2193 830 2255 et
849 2189 1032 2275 vulgarium
1052 2212 1111 2257 nec
1130 2212 1253 2258 canone
1275 2214 1380 2260 exem·

215 2302 323 2363 torum
338 2301 528 2363 accentuum
548 2319 659 2363 causas
681 2297 845 2382 positurus
867 2300 901 2362 et
921 2296 1063 2362 rationes
1083 2298 1297 2382 inquisiturus
1310 2300 1381 2365 Ari·

216 2403 335 2470 starchi
349 2404 540 2469 auctoritate
561 2404 727 2491 vulgarem
748 2407 916 2470 accentum
937 2403 1112 2470 confirmat.
1147 2403 1266 2472 Herod
1280 2407 1316 2472 in
1328 2406 1381 2472 Et.

214 2510 257 2578 M.
277 2533 308 2595 p.
323 2515 392 2590 678,
414 2515 454 2578 36
475 2506 574 2597 ποθή
592 2504 737 2588 Ἰλιάδος
759 2504 790 2574 α’
808 2503 1020 2592 Ἀρίσταρχος
1040 2501 1159 2589 ὀξόνει,
1183 2515 1244 2579 cet.
1269 2514 1305 2576 Π
1321 2518 1381 2582 398

215 2613 397 2703 χαράδραις
419 2613 486 2701 πρὸ
505 2612 621 2696 τέλους
639 2611 660 2703 η
686 2611 778 2697 ὀξεῖα
799 2611 845 2694 ὡς
866 2610 1042 2703 φαρέτραι·
1064 2610 1261 2703 προείρηται
1282 2616 1380 2685 δὲτὰ

212 2726 272 2810 τῆς
293 2716 484 2807 ἀναλογίας.
525 2720 629 2802 οότως
651 2721 687 2790 δὲ
705 2722 762 2789 καί
780 2717 1001 2807 Ἀρίσταρχος.
1034 2727 1074 2787 Π
1087 2728 1146 2792 324
1161 2717 1273 2810 ι’ίχριςε
1289 2718 1382 2809 ’Δρί-

214 2851 351 2916 σταρχος
376 2825 422 2908 ὡς
444 2827 558 2915 μέχρις
582 2824 794 2915 ἀνεγίνωσκε,
822 2828 911 2914 παρὸ
939 2827 997 2894 καί
1022 2825 1149 2915 ἐγένετο
1177 2836 1238 2900 cet
1285 2829 1321 2902 Ξ
1342 2841 1381 2904 80

215 2932 347 3020 έπιμίξι
364 2929 577 3021 Ἀρίσταρχος
591 2931 637 3016 ὥς
649 2934 774 3022 κουρίξ·
796 2934 853 3003 καί
870 2930 1009 3019 τίκτομεν
1024 2931 1078 3003 ότι
1098 2934 1139 3001 τὰ
1162 2929 1210 3014 τίς
1230 2939 1266 3020 ιξ
1285 2936 1381 3026 &aaa

213 3037 346 3130 ρηματα
372 3035 535 3124 ὀξύνεται,
562 3039 829 3132 σημειωσόμενοι
853 3042 891 3110 τδ
913 3039 1014 3129 πέριξ
1031 3038 1263 3128 βαρυνόμενον.
1304 3047 1382 3116 Non

214 3153 335 3234 minus,
362 3152 488 3238 opinor,
515 3158 602 3220 certa
627 3153 758 3220 fuerunt
783 3144 1011 3218 κυλλοπόδιον
1032 3152 1073 3216 ad
1097 3154 1128 3214 Φ
1149 3157 1219 3221 331.
1261 3157 1292 3218 Γ
1312 3161 1380 3224 182.

215 3252 333 3345 δύνηαι
354 3259 454 3344 (quod
469 3259 632 3345 Tyrannio
649 3259 766 3346 δννῆαι
783 3283 851 3326 esse
866 3259 982 3342 voluit)
997 3263 1029 3321 Z
1039 3265 1109 3328 229.
1143 3251 1194 3344 aa,
1217 3252 1253 3349 λῇ
1267 3266 1299 3322 Ζ
1310 3268 1381 3330 422.

218 3369 342 3449 11173.
383 3362 483 3451 ληίδα
514 3368 722 3452 (quamquam
742 3367 941 3434 Menecrates
966 3365 1071 3431 voluit
1099 3359 1215 3452 λη’ϊδα)
1243 3371 1283 3432 Λ
1311 3374 1381 3437 677.

212 3467 416 3555 μογοστόκοι
434 3476 474 3537 Λ
494 3481 565 3543 270.
600 3468 714 3541 ένισαν
736 3479 767 3537 Ζ
786 3481 856 3542 244.
894 3467 974 3559 οίίλη
996 3467 1123 3560 (κόμη),
1147 3473 1236 3558 quod
1250 3474 1382 3560 plurimi

215 3579 415 3664 grammatici
441 3580 542 3646 secuti
564 3584 654 3661 sunt,
679 3582 735 3647 sed
756 3579 943 3646 recentioris
965 3579 1079 3645 aetatis
1100 3582 1301 3649 consuetudo
1322 3605 1381 3648 no·

215 3684 306 3749 tabat
318 3685 381 3751 hoc
394 3687 588 3754 vocabulum
603 3691 769 3773 oxytonoa
783 3690 819 3751 K
832 3692 900 3756 134.
927 3690 965 3749 Π
976 3691 1046 3753 224.
1073 3679 1252 3773 φωριαμός
1264 3688 1297 3751 Ω
1311 3694 1380 3758 228.

215 3789 301 3856 Nam
323 3785 498 3877 φωρίαμος
510 3794 655 3862 Atticum
668 3793 721 3863 Et.
735 3794 780 3860 Μ.
796 3800 866 3863 804.
902 3785 1053 3881 φύλακος
1074 3794 1176 3879 (quod
1194 3794 1381 3880 1111110311Πᾶ

215 3897 387 3981 scriptores
416 3901 606 3985 praevaluit)
635 3902 761 3968 videtur
787 3923 859 3967 sero
882 3902 1056 3987 probatum
1081 3922 1150 3968 esse
1175 3900 1217 3967 ab
1245 3901 1301 3982 iia,
1326 3903 1382 3987 qni

213 4024 326 4068 vocem
355 4008 389 4070 et
414 4027 482 4072 esse
509 4007 688 4093 genitivum
716 4008 871 4075 brevioris
897 4008 1018 4073 formae
1046 4012 1079 4074 et
1102 4008 1181 4072 item
1201 4009 1381 4074 notandum

214 4132 285 4176 ease
308 4110 456 4177 dixerunt
476 4115 517 4197 (v.
538 4114 630 4180 Euat.
655 4120 747 4193 1365,
768 4122 818 4182 47.
854 4114 907 4180 Et.
928 4114 970 4182 M.
992 4120 1061 4193 765,
1083 4121 1131 4183 50.
1173 4112 1285 4201 Steph.
1306 4115 1380 4199 Byr.

214 4239 240 4282 s.
258 4208 400 4302 Ἰβηρίαι
419 4241 451 4304 p.
467 4225 527 4287 325
548 4219 669 4305 Mein),
692 4244 888 4306 quamquam
909 4214 1032 4298 όνακός
1052 4224 1181 4307 poterat
1200 4222 1382 4303 admonere

213 4324 268 4390 hic
282 4327 374 4390 caute
389 4326 551 4411 agendum
565 4348 644 4394 esse.
672 4329 878 4395 Aristarchus
897 4330 1067 4415 scripserat
1081 4323 1251 4414 φυλακοός
1264 4330 1297 4393 Ω
1311 4335 1381 4407 566,
