3008 4980
182 319 240 380 110
261 310 293 362 Π,
323 309 364 363 De
383 309 561 363 Aristarchea
578 309 777 364 vocabulorum
793 311 1004 366 Homericorum
1019 309 1268 381 interpretatione.

176 477 359 542 maluerunt
383 481 413 540 Σ
436 483 511 555 375,
541 499 722 562 expressam
746 478 883 545 haberet
909 480 1157 564 praepositionis
1184 477 1350 563 significa·

175 586 305 649 tionem.
343 584 489 662 Quocum
507 587 589 650 male
611 587 777 671 componit
797 580 1036 667 όποπυθμένες
1047 587 1187 653 Mueller
1208 588 1249 652 de
1271 587 1349 671 cyct

176 714 225 776 ep.
240 716 272 776 p.
292 700 341 760 70.
376 692 439 769 Qui
454 694 539 757 enim
561 695 607 758 sic
626 694 782 778 legebant
802 697 841 758 A
861 700 922 762 635
944 695 1037 780 (legit
1057 699 1166 760 antem
1178 694 1350 778 Asclepia-

177 800 232 863 des
255 799 440 883 Myrleanus
461 800 538 865 Ath.
552 800 598 864 XI
619 803 714 883 492³)
735 825 795 886 pro
817 802 973 866 adiectivo
996 824 1066 868 esse
1086 801 1253 868 volebant.
1285 799 1350 867 Sed

172 907 374 972 referendum
402 908 529 973 videtur
553 908 617 973 huc
642 905 817 989 έπιμείλια
841 913 897 990 (sc.
924 931 963 973 ex
988 913 1133 974 veterum
1159 908 1348 990 sententia),

175 1015 262 1098 quod
282 1015 488 1078 Aristarchus
508 1018 709 1099 praeoptavit
732 1021 751 1078 Ι
773 1025 831 1083 147
849 1017 888 1081 cf.
908 1022 970 1084 289

533 1119 597 1204 ἐγὼ
616 1117 649 1186 δ’
674 1119 849 1204 ἕπτμείλια
871 1121 974 1190 όάσιιι.

172 1229 318 1295 Tradidit
337 1230 542 1295 Herodianus
563 1231 658 1298 haec:
689 1223 902 1314 Ἀρίσταρχος
927 1225 963 1294 ’ἓν
987 1226 1091 1316 μέρος
1114 1225 1217 1314 λόγοι·
1238 1227 1347 1314 παρέ-

171 1335 272 1419 λαβεν
286 1332 331 1414 ὡς
348 1333 537 1422 έπιφέρνια.
564 1330 825 1420 Ἀπολλόδωρος
839 1335 877 1402 δέ
891 1333 1022 1402 διαλύει
1043 1334 1101 1403 ἐπὶ
1120 1327 1193 1402 εἶτα
1213 1333 1345 1419 μείλια·

171 1440 275 1520 οότιος
296 1442 332 1508 δὲ
354 1443 411 1510 καί
428 1438 593 1524 Ἀλεξίων.
642 1446 704 1511 ssla
724 1448 848 1512 adiecta
872 1446 1069 1532 praepositio
1089 1447 1123 1511 id
1148 1445 1215 1511 fere
1238 1447 1344 1530 expri-

169 1554 229 1617 mit
250 1555 336 1637 quod
358 1555 497 1636 quodam
517 1555 591 1619 loco
612 1556 690 1620 dicit
714 1561 812 1639 poeta
833 1550 928 1632 ἕδνα,
957 1551 1040 1618 όσσα
1061 1554 1156 1638 φιλεῖ
1177 1554 1214 1640 <t
1236 1547 1343 1638 έοικι>

171 1657 272 1746 φίλης
293 1657 351 1724 ἐπὶ
370 1658 496 1738 παιδὸς
517 1657 672 1727 έπεσθαι.
708 1661 925 1728 Referendum
944 1663 1017 1742 huc
1039 1662 1126 1746 quod
1148 1661 1343 1746 quibusdam

169 1760 455 1851 placuit'e'm'ocpa
476 1772 511 1831 K
530 1774 589 1836 351

293 1867 364 1938 ἀλλ’
390 1872 444 1938 ὅτε
466 1869 506 1963 δή
527 1870 558 1957 ῥ’
583 1869 699 1963 άπέην,
721 1872 821 1942 ὅσσον
842 1871 867 1940 τ’
892 1873 1034 1960 ἑπίουρα
1053 1872 1218 1941 πέλονται

292 1975 501 2067 ἡμιόνων-

169 2090 257 2173 quod
277 2091 408 2155 omnino
432 2092 679 2175 praepositionis
706 2093 953 2175 explicationem
973 2093 1142 2157 admittere
1163 2114 1231 2156 non
1252 2091 1341 2157 vide·

169 2201 231 2264 tur.
267 2196 349 2262 Item
364 2193 506 2284 ε’πιφρίξ
525 2200 564 2262 de
586 2222 651 2283 quo
674 2205 759 2264 certe
781 2201 966 2286 cogitarunt
982 2203 1019 2262 H
1038 2205 1077 2267 63
1100 2197 1153 2285 οἵη
1176 2196 1214 2263 δέ
1228 2192 1341 2287 Ζεφό-

167 2327 242 2387 ροιο
265 2301 398 2385 ἐχεύατο
420 2300 544 2371 πόντον
565 2303 622 2371 ἐπὶ
637 2303 724 2395 φρίξ,
746 2309 784 2371 de
806 2330 871 2391 quo
886 2308 932 2372 sic
946 2306 1162 2376 Herodianus:
1183 2299 1340 2372 όἈσκα-

167 2406 305 2499 λωνίτης
332 2404 533 2502 ἀναστρέφει
558 2409 683 2479 πόντον
710 2409 781 2479 έπι·
812 2410 935 2491 οὕτως
962 2411 1028 2478 καί
1055 2409 1095 2478 οὶ
1113 2406 1245 2479 άλλοι.
1282 2411 1339 2480 καί

169 2512 318 2602 άμεινον·
341 2516 436 2586 οὐδὲν
458 2521 520 2607 γὰρ
542 2517 636 2587 ἔσται
662 2519 700 2587 τό
724 2515 877 2609 έπιφρίξ,
903 2518 1003 2605 χωρίς
1023 2515 1054 2586 εἰ
1073 2520 1119 2609 μὴ
1143 2517 1336 2610 παρέλκῃὴ

165 2621 344 2712 πρόθεσις·
367 2625 449 2717 ὅπερ
468 2624 506 2696 οό
529 2627 692 2697 πιθανόν·
716 2623 753 2695 οὗ
776 2627 838 2713 γάρ
860 2622 1059 2712 κατεπείγει.
1093 2629 1185 2695 Euat.
1201 2632 1288 2717 (665,
1304 2631 1339 2716 1>

84 2741 156 2810 (118)
168 2737 222 2817 sic,
241 2737 321 2804 haec
335 2739 553 2825 negligentius
570 2739 764 2804 describens:
786 2733 821 2801 ἐν
836 2733 873 2801 δέ
890 2739 938 2822 τῷ
959 2732 1101 2825 ἐπιφρίξ
1117 2736 1295 2819 πλεονάζει
1315 2733 1336 2825 ἡ

165 2840 340 2928 πρόθεσις·
357 2842 439 2933 φρίξ
450 2846 512 2931 γὰρ
523 2845 560 2911 τὸ
575 2841 701 2910 κοινόν·
717 2838 806 2933 εἰμὴ
823 2837 888 2927 άρα
897 2839 968 2909 κατ’
982 2837 1196 2934 ἀναστροφὴν
1208 2841 1340 2935 άναγνῷ

163 2975 214 3030 τις
231 2946 371 3034 ,,χεόατο
393 2949 516 3019 πόντον
537 2949 595 3018 dn
617 2949 730 3041 φρίξ“.
766 2953 830 3020 Sed
845 2948 1000 3040 ε’πιμῆνις
1014 2956 1217 3023 Aristarchus
1234 2958 1264 3019 E
1278 2961 1337 3024 178

247 3056 326 3146 ίριῦν
346 3057 499 3149 μηνίσας·
518 3060 647 3148 χαλεπὴ
671 3058 707 3126 δέ
727 3064 814 3126 θεοῦ
836 3057 1001 3149 ἒπιμῆνις.

165 3168 236 3247 Quo
262 3170 335 3235 loco
361 3170 579 3237 Herodianus:
612 3161 823 3253 Ἀρίσταρχος
848 3168 1023 3257 παρολκὴν
1049 3165 1157 3237 οίεται
1181 3177 1241 3260 τῆς
1266 3169 1335 3259 ε’πί,

164 3272 290 3356 ὁμοίως
303 3280 350 3362 τῷ
363 3273 640 3361 ,,ίπισμυγερῶς(
655 3279 687 3359 (γ
699 3278 768 3358 195)
782 3273 840 3341 καί
853 3279 966 3359 ,,βοῶν
979 3274 1202 3360 ἐπιβουκόλος
1215 3260 1354 3370 άνήρ“,Ι

164 3377 243 3446 όταν
278 3380 314 3447 δὲ
341 3379 490 3471 παρίλκῃ
516 3378 536 3471 ἡ
566 3379 746 3468 πρόθεσις,
778 3376 816 3448 οὗ
845 3388 994 3450 ποιεῖται
1023 3383 1208 3475 ἐξαλλαγὴν
1227 3384 1334 3459 τόνου.

164 3483 227 3553 εἰσί
254 3487 291 3554 δέ
317 3483 354 3555 οἳ
378 3485 599 3576 άνεγνιόκασιν
635 3485 761 3573 ὁμοίως
790 3494 837 3576 τῷ
863 3489 963 3570 ,,ἒπεί
998 3487 1039 3560 οίί
1067 3519 1120 3561 τοι
1145 3489 1205 3561 tta
1231 3493 1335 3576 όὲος“

163 3600 213 3680 (A
229 3601 313 3682 515),
337 3598 391 3663 ἵνα
404 3597 442 3664 τὸ
458 3594 572 3664 έπεστι
586 3594 793 3686 σημαίνηται.
828 3591 928 3664 άλλοι
942 3597 978 3664 δι’
995 3597 1158 3689 ε’πίμηνις,
1184 3596 1219 3669 ἓν
1232 3602 1336 3690 μέρος

163 3697 262 3788 λόγου
284 3709 472 3785 ποιοῦντες,
507 3700 644 3789 άμεινον
666 3703 702 3771 δέ
726 3711 773 3793 τῷ
791 3700 994 3793 Ἀριστάρχῳ
1015 3706 1335 3794 συγκατατίθεσθαι.

161 3812 351 3881 Eustathius
374 3817 415 3900 (p.
438 3821 498 3883 535
521 3820 610 3900 extr.)
637 3810 706 3880 έστι
733 3811 770 3879 δέ
790 3814 1000 3898 πλεονασμὸς
1023 3813 1171 3884 ἐνταῦθα
1194 3824 1254 3908 τῆς
1275 3817 1335 3886 έπί

162 3918 367 4005 προθέσεως,
393 3915 437 3998 ὡς
451 3920 507 3987 καί
521 3918 557 3988 ἐν
576 3927 624 4008 τῷ
645 3926 759 4006 ,,βοιῖιν
781 3917 1003 4006 ἐπιβουκόλος
1017 3918 1128 4011 άνήρ“
1152 3925 1209 3993 καί
1230 3925 1333 4006 ,,ἒπί-

99 4035 143 4091 111
166 4032 290 4114 ουροςίί.
332 4028 609 4114 Id.p.1009„49
637 4028 674 4094 τὸ
703 4026 739 4095 δὲ
764 4025 964 4115 μετάγγελος
993 4033 1148 4122 περιττὴν
1173 4034 1231 4102 καὶ
1251 4031 1331 4103 αὐτὸ

162 4130 228 4216 tta
259 4131 438 4221 πρόθεσιν,
472 4135 566 4201 καθά
588 4135 646 4204 καὶ
670 4136 707 4203 τὸ
732 4133 940 4224 ,,ἒπίουρος11
967 4139 1023 4206 καί
1047 4140 1085 4208 τὸ
1114 4143 1265 4231 ,,χαλεπὴ
1296 4142 1333 4210 da*
1423 4208 1428 4218 ,

162 4247 247 4309 θεοῦ
263 4242 440 4332 ἐπιμῆνιςίί
461 4241 518 4310 καί
536 4239 785 4329 ,,ἒπιβουκόλος
800 4239 903 4332 ἀνήρ’ι
924 4247 983 4314 καί
1002 4246 1078 4329 ,,τίς
1099 4245 1139 4315 dv
1161 4258 1332 4341 καταθνη-

161 4355 226 4416 τιῦυ
247 4345 463 4434 οἰνθριόπιονκ
490 4350 547 4417 καὶ
576 4347 732 4438 ,,άνόριῦυ
760 4352 1081 4426 κατατεθνειαίτωνίί.
1120 4361 1173 4427 Ad
1198 4363 1332 4428 eandem
