3008 4980
259 321 283 377 4.
312 313 353 378 De
371 320 567 393 grammaticis,
586 317 635 394 qui
651 317 819 380 deosculari
836 323 867 381 et
882 320 999 382 λυτικοί
1013 317 1082 382 dicti
1098 322 1172 380 sunt.
1240 327 1300 394 205

218 491 236 573 ξ
253 497 280 557 3.
317 491 480 569 Quantum
494 514 569 558 vero
584 492 804 558 immodestiae
824 514 861 558 ac
880 494 989 578 potius
1009 492 1227 578 impudentiae
1248 491 1299 556 his
1311 462 1383 595 (22de)

133 600 358 663 tortuosarum
384 599 608 684 quaestionum
636 600 855 685 captatoribus
880 601 1074 686 posteriores
1101 599 1300 686 grammatici

132 706 203 771 iure
229 706 366 772 adscribi
391 729 487 791 posse
518 706 664 771 arbitrati
693 706 771 786 sint,
796 728 835 771 ex
859 707 1061 773 memorabili
1087 706 1209 773 scholio
1228 707 1301 772 Ari-

134 813 252 878 stonici
265 816 406 898 apparet,
430 817 459 876 Y
472 817 531 882 269
547 805 747 878 ἇθετοῦνται
767 807 873 893 στίχοι
895 806 935 898 d',
957 810 1010 880 ὅτι
1032 810 1302 897 διεσκευασμένοι

135 914 216 985 εἰσὶν
241 913 308 984 ὑπό
334 942 424 997 τινος
449 923 514 985 τῶν
542 916 754 1004 βουλομένων
780 914 960 1008 πρόβλημα
986 923 1104 987 ποιεῖν.
1149 923 1300 990 Attamen·

133 1029 169 1094 hi
195 1050 304 1095 versus
326 1028 500 1094 Aristotele
527 1029 736 1113 antiquiores,
765 1030 864 1095 immo
893 1031 1038 1113 quaestio
1064 1031 1134 1115 ipsa
1154 1030 1298 1095 versibus
1311 1034 1382 1104 (211)

135 1137 311 1202 adhaerens
326 1135 390 1201 iam
403 1136 571 1202 Aristoteli
585 1140 717 1215 tentata,
732 1141 817 1222 poet.
833 1136 938 1202 XXVI
953 1143 1002 1204 22.
1038 1137 1156 1204 Similis
1169 1159 1300 1222 prorsus

135 1243 277 1309 eiusdem
311 1244 511 1328 grammatici
545 1244 725 1310 observatio
756 1248 790 1307 K
814 1249 875 1312 372
901 1239 955 1310 ὅτι
984 1241 1142 1320 θέλοντες
1174 1239 1301 1330 ζήτημα

134 1351 247 1413 ποιεῖν
276 1342 528 1437 μεταγράφονσι
564 1349 602 1416 τὸ
631 1344 819 1436 ἡμιστίχιον
848 1344 953 1428 οὕτως
980 1348 1062 1430 „aui
1091 1342 1194 1435 βάλεν
1225 1343 1299 1416 οὐδ’

134 1448 345 1542 ἀφάμαρτεν,
378 1451 461 1523 ἑκών
489 1450 520 1522 d'
548 1451 717 1545 ἡμάρτανε
745 1452 881 1546 φωτόςῐί
912 1462 982 1545 (pro
1007 1449 1031 1545 ἦ
1058 1462 1100 1543 ῥα
1127 1453 1185 1522 καὶ
1210 1452 1302 1542 ἔγχος

136 1555 265 1650 ἀφῆκεν
273 1609 282 1640 ,
314 1557 360 1631 ἑκ.
381 1569 444 1646 -).
487 1565 580 1632 Certe
606 1566 864 1652 Virgiliomastix
890 1567 968 1632 talia
995 1588 1091 1633 ausus
1122 1570 1182 1631 est:
1215 1565 1302 1632 Serv.

136 1671 236 1757 eclog.
265 1670 297 1736 Π
323 1678 363 1738 22
393 1695 487 1753 „sane
520 1673 606 1739 hunc
642 1697 769 1740 versum
802 1673 885 1738 male
917 1675 1118 1759 distinguens
1145 1673 1301 1758 Virgilio-

134 1779 255 1844 mastir'r‘
276 1779 449 1864 vituperat:
481 1780 544 1846 Lac
569 1781 649 1845 mihi
675 1804 741 1846 non
771 1785 893 1846 aestate
920 1804 1053 1860 novum,
1080 1803 1147 1845 non
1168 1781 1302 1866 frigore:

136 1886 221 1963 defit,
243 1887 263 1950 i.
288 1909 315 1952 e.
338 1909 463 1973 semper
488 1888 567 1953 mihi
590 1889 705 1955 deest“.
748 1888 797 1953 De
818 1888 995 1955 Aristonici
1022 1887 1301 1955 observationibus

136 1994 292 2077 quidquid
325 1994 526 2075 indicaveris,
557 1996 780 2061 demonstrant
809 1999 918 2062 tamen
953 1997 1236 2079 grammaticorum
1263 1997 1302 2062 de

134 2102 269 2166 vetustis
285 2103 509 2185 quaestionum
522 2102 757 2187 professoribus
771 2103 933 2169 iudicium.
970 2103 1042 2181 Quo
1057 2104 1161 2190 magis
1179 2104 1303 2183 mirere,

134 2335 241 2390 rabiem
257 2335 410 2406 profectam
429 2333 514 2390 fuisse
532 2327 584 2400 „ab
601 2336 755 2392 acerbitate
773 2339 802 2393 et
817 2336 958 2408 pravitate
975 2335 1086 2390 animi.“
1121 2338 1166 2390 An
1184 2335 1302 2405 cogitari

135 2422 240 2490 potest,
268 2419 409 2490 pravitate
431 2417 518 2473 animi
540 2436 709 2489 quemquam
734 2421 865 2477 insectari
887 2420 1010 2491 priscum
1033 2420 1205 2490 scriptorem,
1224 2420 1301 2476 cuius

135 2521 187 2558 nec
209 2503 323 2559 devita
345 2521 397 2559 nec
420 2503 454 2558 de
478 2503 560 2559 factis
579 2504 734 2574 quidquam
756 2507 916 2562 constaret?
942 2503 1026 2570 Quasi
1044 2504 1106 2575 quis
1122 2504 1206 2560 hodie
1223 2505 1302 2559 mali-

135 2589 214 2642 volus
230 2587 261 2642 in
278 2587 391 2658 Ulphila
410 2588 550 2658 carpendo
568 2587 620 2643 sibi
638 2588 749 2659 placere
766 2593 869 2661 posset.
899 2590 1040 2644 Admonet
1052 2587 1168 2643 Wolfius
1186 2590 1220 2643 de
1239 2589 1300 2645 Vel.

135 2671 306 2727 Testamenti
325 2671 593 2742 reprehensionibus.
629 2675 667 2727 At
688 2691 724 2729 ne
742 2675 794 2729 hae
813 2674 927 2744 quidem
944 2690 961 2728 a
979 2673 1118 2743 pravitate
1136 2671 1222 2726 animi
1239 2691 1301 2743 pro·

134 2757 232 2821 fectae,
254 2756 303 2812 sed
323 2774 341 2812 a
361 2750 539 2828 persuasione
557 2755 705 2812 rationum.
751 2758 832 2824 Quod
856 2775 922 2814 vcro
944 2758 974 2811 in
996 2756 1137 2823 Sallustio,
1162 2756 1301 2822 Cicerone,

135 2840 253 2911 Virgilio
271 2842 378 2896 facturn
395 2845 437 2897 est
454 2842 477 2896 si
495 2840 540 2897 cui
556 2845 711 2907 succurrat,
735 2842 765 2897 id
780 2847 809 2900 et
827 2842 888 2898 fieri
904 2844 1017 2913 poterat
1033 2840 1131 2896 iustius
1149 2844 1178 2896 et
1195 2842 1302 2896 factum

93 2936 95 2941 '
135 2928 177 2981 est
195 2924 299 2995 partim
316 2943 446 2996 perversa
463 2925 621 2981 imitatione
639 2926 740 2997 partim
766 2927 858 2983 studio
882 2925 958 2982 civili
974 2928 1003 2981 et
1021 2925 1208 2980 aemulatione
1226 2925 1301 2983 artis.

134 3012 196 3065 lam
217 3012 250 3065 nt
275 3010 310 3064 de
328 3009 402 3065 Zoilo
426 3009 517 3065 dicam
540 3011 615 3079 qnod
637 3010 740 3075 sentio,
761 3030 819 3067 non
841 3010 964 3081 graviter
980 3008 1174 3080 reprehendit,
1196 3010 1244 3064 sed
1262 3009 1302 3078 (id

134 3094 210 3163 quod
225 3094 381 3163 fragmenta
397 3094 459 3165 ipsa
477 3095 679 3156 demonstrant)
697 3094 791 3162 irrisit,
811 3114 869 3151 non
886 3095 1045 3157 Homerum,
1063 3093 1112 3148 sed
1129 3093 1222 3149 studia
1239 3093 1301 3149 doc·

133 3181 233 3234 torum.
267 3178 301 3233 In
318 3196 350 3234 eo
368 3179 391 3233 si
408 3179 490 3234 multi
507 3196 564 3234 non
580 3179 778 3235 intellexerunt
796 3179 994 3243 cavillatorem,
1012 3178 1088 3232 idem
1106 3178 1132 3232 ei
1149 3178 1224 3246 quod
1241 3177 1301 3232 Pla-

133 3263 195 3318 toni
211 3262 322 3319 accidit.
358 3264 407 3328 At,
426 3263 531 3333 inquit,
549 3281 607 3319 non
623 3282 679 3319 uno
698 3263 833 3319 eiusmodi
852 3266 999 3320 contentus
1015 3262 1071 3318 fnit
1089 3261 1229 3332 opusculo,
1248 3261 1302 3316 tria

133 3347 260 3402 novimus
277 3347 431 3412 Homerica,
448 3349 575 3404 novimus
592 3351 738 3419 praeterea
756 3348 886 3404 adversus
904 3349 1050 3403 Platonem
1069 3364 1133 3402 eum
1150 3350 1235 3416 atque
1248 3347 1301 3401 lso-

135 3435 240 3487 cratem
256 3430 402 3502 scripsisse.
440 3432 499 3488 Hoc
516 3433 580 3488 ideo
598 3433 716 3498 factum,
740 3432 816 3502 quod
833 3451 890 3489 non
907 3430 994 3502 animi
1012 3448 1095 3486 causa
1112 3429 1235 3500 scripsit,
1253 3431 1301 3485 sed

135 3515 306 3587 disciplinae.
347 3516 546 3588 Philosophum
570 3517 653 3573 fuisse
672 3516 770 3572 Suidas
791 3517 880 3572 tradit
901 3512 1017 3587 ,ῥήτωρ
1040 3515 1073 3572 δὲ
1094 3505 1128 3585 ἦν
1149 3515 1199 3570 καὶ
1220 3507 1302 3584 φιλό-

134 3608 254 3670 σοφος.“
284 3600 377 3668 Qualis
394 3618 459 3657 vero
477 3601 681 3673 philosophus?
704 3601 843 3658 Videlicet
860 3599 987 3671 Cynicus.
1005 3600 1112 3656 Aelian.
1124 3599 1158 3654 V.
1171 3599 1204 3658 H.
1217 3599 1256 3653 XI
1270 3603 1300 3654 10

134 3683 267 3742 ἐκαλεῖτο
285 3686 309 3741 δ’
330 3679 345 3742 d
363 3682 477 3751 Ζωΐλος
494 3678 580 3751 οὗτος
596 3680 684 3741 Κῦων
705 3678 874 3759 ῥητορικόςι
903 3679 958 3755 quo
977 3685 1090 3742 nomine
1108 3702 1192 3754 quern
1209 3683 1302 3755 aptius

134 3768 283 3841 significari
299 3770 462 3841 putabimus
486 3788 571 3841 quam
588 3771 741 3835 rhetorem,
764 3769 814 3838 qui
838 3768 915 3824 idem
933 3773 1005 3825 esset
1022 3768 1159 3839 Cynicus?
1186 3768 1223 3824 Et
1240 3768 1301 3838 lege

134 3854 204 3909 mihi
221 3853 380 3919 Aelianum,
406 3854 517 3925 qualem
540 3856 638 3911 eodem
655 3855 717 3911 loco
736 3853 856 3910 hominis
873 3854 1003 3910 habitum
1020 3853 1166 3924 depingat:
1194 3871 1301 3909 merum

134 3956 266 4010 agnosces
288 3940 422 4009 cynicum.
458 3938 533 4010 Ergo
550 3939 573 3994 si
590 3937 721 4008 Diogeni,
743 3941 776 3993 ut
793 3955 903 4003 censeo,
928 3941 958 3994 et
976 3937 1096 3993 maxime
1113 3936 1248 4008 Menippo
1266 3937 1302 3991 si-

133 4023 206 4079 milis
220 4027 281 4080 erat
291 4024 389 4090 Zoilus,
407 4022 637 4093 σπουδογέλοιος
648 4023 711 4088 fuit,
729 4026 758 4078 et
770 4022 908 4078 dictorum
923 4022 1145 4092 scriptorumque
1158 4021 1216 4078 eius
1227 4022 1302 4077 idem

135 4127 198 4164 cum
215 4107 269 4163 illis
287 4109 369 4175 color,
385 4109 461 4165 idern
481 4107 635 4167 consilium.
653 4105 811 4162 —Novem
828 4107 886 4163 eius
902 4106 988 4162 libros
1000 4107 1131 4162 adversus
1148 4106 1301 4161 Homerum
1318 4116 1366 4166 208

134 4193 207 4265 ipsos
228 4195 298 4264 puto
320 4192 467 4264 inscriptos
488 4190 573 4247 fuisse
590 4184 813 4261 Ὁμηρομιῖστιξ,
838 4194 870 4247 ut
886 4191 986 4247 Licinii
1003 4191 1074 4247 liber
1093 4189 1299 4246 Ciceromastix:

133 4277 260 4334 similiter
278 4277 391 4332 Carvilii
403 4275 638 4334 Aeneidomastix.
670 4274 800 4332 Ceterum
811 4275 860 4331 illa
872 4276 966 4332 omnia
978 4277 1015 4330 ad
1027 4294 1114 4332 unum
1126 4274 1301 4344 eundemque

134 4361 241 4417 Zoilum
256 4362 397 4432 pertinere
415 4364 501 4433 patet
