3008 4980
492 351 513 403 1.
541 347 582 403 De
595 351 671 412 aere,
689 348 810 415 aethere,
826 346 953 418 Olympo.
1248 353 1304 414 171

139 541 229 584 mum
251 518 339 602 quod
365 518 406 582 ad
427 516 647 582 Aristarchum
672 516 789 581 attinet
810 516 897 597 (huic
919 515 1004 580 enim
1021 536 1081 579 nos
1102 515 1171 579 iure
1192 516 1304 584 nostro

139 625 300 691 athetesin
314 624 498 690 attribuisse
512 621 714 689 Nitzschium
736 624 917 690 consentire
937 622 1052 705 video),
1072 644 1140 687 non
1160 621 1235 687 licet
1256 620 1305 685 illi

140 755 270 799 causam
297 731 483 798 offensionis
513 733 669 797 subiicere
699 754 769 797 eam
795 731 883 816 quod
900 722 1078 812 Ὄλυμπον
1106 733 1139 796 et
1167 721 1307 810 οὐρανόν

139 842 309 908 confusum
333 843 470 926 putaret.
512 839 585 905 Hoc
611 839 696 904 enirn
716 840 789 905 loco
811 861 878 905 non
898 839 981 905 hano
1007 838 1037 903 ei
1059 859 1187 903 causam
1208 837 1306 904 fuisse

139 951 196 1016 sed
222 948 319 1014 aliam
344 953 431 1014 certo
457 947 643 1013 testimonio
671 950 806 1013 constat
848 939 1050 1011 ἀθετοῦνται
1074 939 1120 1021 ὡς
1147 936 1307 1009 ἀδύνατοι

139 1061 189 1124 est
209 1057 244 1122 in
264 1055 402 1135 scholiis,
424 1060 458 1122 et
472 1055 559 1139 quod
581 1055 734 1120 contiimo
757 1055 925 1120 subiicitur
945 1055 985 1119 ab
1007 1052 1194 1119 adversariis
1218 1044 1306 1115 ἀλλὰ

137 1160 306 1247 μέμασαν,
331 1157 445 1251 φησίν,
469 1155 529 1228 οὐκ
550 1156 712 1246 ἔπραττον
734 1158 773 1227 δέ
796 1162 938 1229 ostendit
958 1162 1040 1226 nihil
1060 1161 1126 1226 illic
1145 1159 1215 1225 vitii
1237 1182 1306 1226 esse

139 1295 197 1360 per
218 1272 379 1350 librarios,
399 1271 463 1335 iam
484 1294 524 1336 ne
546 1262 742 1356 ἀδιανόητον
765 1271 894 1355 quidem
918 1271 1100 1355 quadraret,
1121 1269 1177 1335 sed
1197 1268 1244 1333 ita
1265 1269 1306 1332 ab

140 1380 235 1446 initio
257 1379 410 1464 scriptum
431 1377 539 1444 fuisse.
582 1378 627 1444 Et
651 1383 688 1444 ut
709 1379 788 1445 baec
808 1379 843 1443 in
865 1378 994 1444 scholiis
1015 1377 1061 1442 sic
1082 1377 1168 1461 apud
1188 1375 1307 1441 Eusta-

140 1489 245 1554 thium
267 1487 481 1572 (p.1687,28)
504 1482 559 1551 διὸ
581 1483 639 1552 καὶ
660 1478 862 1551 &teneriores
882 1478 968 1568 πρός
987 1507 1086 1550 τινων
1106 1479 1147 1548 τὰ
1169 1484 1307 1548 τοιαῦτα

140 1590 205 1679 ἔπη
225 1596 283 1660 τοῦ
298 1586 456 1680 Ὁμήρου,
482 1587 512 1658 εὶ
529 1591 587 1659 καὶ
600 1588 633 1658 oi
648 1589 776 1660 λυτικοί
790 1615 893 1680 φασιν
908 1588 961 1659 ὅτι
973 1590 1126 1676 μέμασαν
1141 1585 1173 1657 oi
1187 1588 1308 1668 παῖδας

139 1704 285 1787 ποιῆσαι
305 1698 343 1768 τὸ
367 1694 546 1781 ἀδύνατον,
575 1694 613 1767 αὖ
641 1699 708 1788 μὴν
735 1695 889 1787 ἔπραξαν.
930 1702 1055 1768 Deinde
1087 1699 1174 1784 quod
1194 1699 1236 1764 ad
1255 1721 1307 1764 me

138 1813 246 1895 ipsum
271 1811 401 1888 attinet,
428 1832 489 1897 ego
517 1834 583 1877 non
609 1812 813 1898 neglexeram
840 1811 875 1876 in
903 1811 1046 1877 versibus
1067 1808 1246 1875 Homericis
1269 1809 1307 1873 de

140 1918 283 1984 consiliis
309 1917 438 1984 illorum
464 1918 688 1984 tantummodo
716 1919 788 1988 dici.
832 1918 891 1984 Illa
911 1918 1130 2003 „ascendunt“,
1151 1915 1307 1997 „moliun-

139 2031 223 2107 tur“,
258 2030 295 2092 ut
327 2028 443 2112 opinor
470 2026 563 2092 facile
597 2031 700 2112 patet,
737 2028 925 2112 scripseram
953 2028 1001 2092 rei
1020 2020 1306 2111 repraesentandae

139 2157 249 2213 causa,
271 2138 321 2215 ut,
343 2135 370 2199 si
391 2135 431 2199 ad
451 2134 572 2199 factum
593 2138 725 2200 ventum
746 2139 839 2215 esset,
861 2135 1023 2219 quomodo
1045 2155 1096 2199 res
1117 2154 1306 2220 processura

139 2245 225 2309 esset
246 2263 458 2308 cerneremus.
498 2243 661 2326 Denique,
690 2265 754 2327 quo
776 2244 841 2308 iam
863 2242 904 2307 ad
920 2243 1064 2328 ipsorum
1084 2263 1235 2307 versuum
1255 2261 1305 2304 ar-

139 2354 329 2436 gumentum
345 2350 498 2428 ducimur,
520 2349 597 2434 quid
611 2352 742 2416 tandem
758 2351 799 2415 ad
812 2373 880 2416 rem
895 2351 998 2434 ipsam
1014 2353 1046 2415 et
1061 2348 1306 2433 explicationem

137 2460 274 2524 interest
287 2458 372 2523 inter
385 2457 506 2523 factum
521 2461 553 2522 et
568 2458 722 2524 consilia?
742 2457 827 2524 Nam
840 2462 977 2543 possunt
990 2457 1040 2522 illi
1055 2457 1183 2542 quidem
1198 2455 1305 2520 animo

138 2567 245 2633 moliri
266 2565 401 2649 aliquid,
428 2566 493 2644 cui,
523 2565 550 2629 si
572 2565 612 2630 ad
633 2567 754 2632 factum
776 2569 909 2632 ventum
931 2570 991 2645 est,
1012 2566 1095 2631 vires
1118 2587 1191 2630 suas
1213 2586 1305 2650 pares

138 2697 205 2740 non
232 2672 410 2752 inveniant,
440 2673 496 2737 sed
522 2673 604 2737 nihil
629 2678 767 2758 possunt
792 2673 899 2738 animo
925 2673 1032 2738 moliri
1062 2673 1149 2757 quod
1175 2675 1306 2758 propter

137 2783 243 2866 ipsam
273 2801 379 2845 rerum
405 2784 554 2847 naturam
578 2781 796 2866 impossibile,
822 2773 984 2845 ἀδύνατον
1011 2786 1068 2848 est.
1109 2782 1169 2861 At,
1199 2781 1306 2865 inquit

137 2887 331 2969 Nitzschius,
353 2888 420 2953 sola
435 2888 568 2954 consilia
586 2909 654 2953 non
674 2892 742 2954 tam
762 2893 909 2956 accurate
931 2890 1162 2975 depinguntur,
1181 2889 1304 2970 „blosse

137 2997 315 3064 Absichten
329 2994 410 3061 malt
427 3017 503 3060 man
518 2996 609 3061 nicht
623 3018 659 3061 so
681 3001 767 3063 αμα.ιι
806 2997 897 3064 Itane
911 3002 1008 3063 vero?
1028 2997 1093 3063 Ubi
1108 2998 1146 3062 de
1162 2997 1303 3062 scelestis

137 3104 245 3190 pueris
267 3124 371 3168 sermo
394 3107 456 3182 est,
489 3105 530 3168 ad
550 3104 693 3169 adultam
721 3108 860 3191 aetatem
881 3128 921 3171 ne
942 3106 1142 3190 perventuris
1165 3105 1303 3189 quidem,

138 3213 195 3297 qui
222 3213 287 3276 iam
315 3210 432 3295 puerili
462 3214 566 3278 aetate
596 3212 696 3297 impia
723 3218 756 3278 et
785 3213 920 3279 scelesta
946 3214 1077 3298 capiunt
1102 3218 1135 3279 et
1163 3211 1304 3298 gloriose

137 3320 330 3406 profitentur
353 3319 502 3397 consilia,
531 3321 648 3405 quibus
674 3320 776 3387 adulti
802 3322 891 3406 ipsos
912 3323 1000 3388 Deos
1026 3321 1211 3408 aggressuri
1232 3320 1304 3398 sint,

137 3428 184 3493 ibi
199 3449 264 3492 non
281 3430 355 3511 apte
371 3427 589 3514 depinguntur
604 3429 757 3494 consilia?
779 3429 873 3507 Quod
888 3429 1065 3495 rectissime
1086 3432 1199 3494 contra
1212 3427 1304 3493 Nitz-
1385 3502 1387 3506 ⁸

138 3536 265 3602 schium
288 3533 350 3598 dici
373 3535 517 3615 deberet,
547 3536 574 3600 si
600 3558 635 3601 re
656 3559 731 3603 vera
752 3537 1011 3623 depingerentur.
1047 3536 1110 3603 Sed
1131 3558 1172 3601 ne
1195 3536 1306 3620 depin-

137 3646 260 3730 guntur
282 3641 423 3725 quidem,
452 3642 509 3708 sed
530 3646 656 3708 tantum
679 3649 834 3728 quantum
856 3667 986 3711 necesse
1008 3649 1076 3711 erat
1098 3645 1214 3710 dicitur
1233 3644 1305 3708 bre·

135 3752 226 3817 viter.
261 3748 431 3815 Praeterea
446 3750 484 3814 de
498 3750 552 3815 illa
572 3751 650 3837 fuga
664 3753 806 3818 Deorum
828 3754 874 3818 ait
894 3776 935 3818 ne
955 3753 1152 3819 levissimum
1172 3752 1302 3836 quidem
1321 3769 1368 3820 173

135 3857 291 3924 indicium
313 3879 395 3936 esse,
422 3858 511 3936 „eine
531 3857 649 3925 Flucht
671 3861 727 3925 der
748 3861 874 3944 coner,
899 3884 962 3927 von
985 3863 1040 3927 der
1060 3861 1118 3925 wir
1139 3860 1229 3926 nicht
1250 3859 1301 3925 die

136 3965 347 4031 entfernteste
373 3965 574 4049 Andeutung
601 3967 715 4034 lesen“.
754 3970 800 4034 At
827 3969 905 4034 satis
933 3969 1043 4034 indicii
1071 3971 1121 4034 est
1146 3969 1174 4032 si
1198 3990 1304 4034 rerum

136 4077 169 4141 et
191 4073 370 4138 sententiae
392 4094 582 4158 progressus
602 4074 744 4161 flagitat;
772 4081 812 4160 et,
835 4077 862 4141 si
881 4098 962 4162 opus
984 4080 1041 4158 est,
1061 4076 1096 4141 in
1115 4078 1303 4142 memoriam

135 4179 356 4246 revocabimus
372 4183 493 4264 quanto
513 4185 546 4245 et
566 4180 664 4268 longe
687 4183 816 4268 quidem
837 4183 1020 4250 obscuriore
1042 4185 1199 4251 brevitate
1221 4207 1304 4250 non·

135 4309 302 4371 nunquam
329 4291 427 4373 poeta
453 4288 487 4352 in
509 4288 627 4373 mythis
653 4291 687 4355 in
713 4290 851 4356 transitu
873 4293 1130 4358 commemoratis
1152 4314 1228 4356 usus
1250 4290 1300 4356 sit.

134 4394 301 4462 Habemus
322 4396 423 4482 igitur
443 4395 518 4462 hoo:
538 4397 676 4482 „welche
694 4419 790 4486 sogar
811 4399 957 4479 drohten,
979 4399 1040 4464 den
1055 4398 1301 4467 Unsterblichen
