3008 4980
308 337 330 387 3.
359 331 493 402 Reliquae
510 335 658 389 verborum
674 333 920 405 interpretationes
937 333 1140 392 Aristarcheae.
1248 344 1326 406 149·

135 499 250 564 ἳππων
280 494 412 585 ἅρματα
443 493 583 586 εἴρηκεν,
620 501 659 568 ol.
690 504 719 566 Θ
745 507 814 569 435.
843 541 879 550 -
905 495 1024 586 'Ayciv
1049 507 1221 589 usurpatur
1246 527 1304 588 pro

136 600 260 692 άμνρις,
283 603 467 694 συναγωγή,
492 613 532 672 Η
550 615 610 677 298
632 610 742 691 (θεῖον
765 603 904 694 ἀγῶνα),
931 610 1003 675 coll.
1025 614 1065 674 H
1082 620 1152 681 500.
1197 615 1226 674 Σ
1246 618 1306 680 376

136 717 246 800 (θεῖον
271 708 345 799 ἄμ).
379 716 428 781 De
454 718 536 781 νεῶν
564 708 653 800 ἅγιόν
675 718 715 782 ad
736 721 775 780 Π
792 723 863 786 239.
886 725 955 787 500.
989 719 1108 787 0428.
1140 724 1172 781 Τ
1190 727 1239 787 42.
1266 721 1304 786 cf.

137 825 168 887 Ω
192 832 259 892 141.
280 861 320 871 -
338 815 464 908 Ἀμκιό
471 849 488 888 ν
513 818 616 908 γωνία
642 829 677 888 Π
700 832 769 893 702.
795 863 835 872 —-
856 819 1032 907 Διόματα
1055 827 1135 893 dixit
1157 830 1307 894 taberna·

136 932 209 998 cula
230 925 297 1015 (ότι
317 934 585 1018 καταχρηστικῶς
604 929 665 1009 τὰς
685 928 806 1018 σκηνὰς
828 926 932 1010 οάτως
951 923 1054 1019 εἶπεν)
1078 936 1109 999 Ω
1124 939 1192 1002 512.
1224 935 1307 1001 Item

138 1029 262 1118 οἶκος,
293 1040 324 1103 Ω
351 1046 412 1107 572
438 1039 521 1124 (sch.
548 1039 605 1124 V).
633 1081 672 1096 .-
703 1036 893 1123 Θέμιστες
922 1036 1015 1106 δίκαι
1040 1046 1079 1105 Π
1099 1048 1159 1111 387
1186 1039 1308 1126 (Θέμις

138 1149 197 1213 dea
223 1147 432 1213 concionibus
457 1147 619 1233 praefecta
649 1151 677 1209 Y
700 1151 741 1232 4).
782 1149 937 1235 Cyclopes
968 1141 1152 1231 ἀθέμιστοι
1173 1153 1200 1234 (ι
1222 1154 1304 1234 106),
1359 1188 1361 1192 >

135 1253 227 1320 καθὸ
247 1248 285 1320 οὕ
301 1255 428 1331 κοινοῖς
438 1257 583 1339 χρῶνται
597 1250 722 1337 νόμοις.
756 1257 908 1344 Apollon.
922 1258 983 1323 lex.
999 1281 1031 1343 p.
1046 1263 1096 1326 60.
1117 1295 1158 1305 -
1175 1251 1307 1322 'Evod-

136 1361 229 1441 λονς
253 1357 331 1438 τοὺς
360 1359 534 1445 ποταμοὺς
558 1360 634 1440 τοὺς
659 1355 837 1451 ἐπιμήκεις
865 1370 896 1430 o)
921 1370 992 1434 283.
1022 1403 1062 1414 -
1082 1357 1242 1450 Ἐνοπή,
1270 1369 1308 1430 ut

134 1468 215 1557 βοή,
248 1493 307 1557 pro
333 1492 444 1557 pugna
471 1474 501 1534 P
526 1478 595 1538 714.
621 1509 663 1520 -
690 1466 936 1558 Κασέμνητοι
964 1466 1104 1562 ἀνεψιοί
1130 1473 1161 1536 Ω
1186 1480 1239 1554 47,
1270 1473 1308 1539 cl.

140 1581 259 1647 0545.
278 1617 319 1626 --
341 1571 493 1655 Γνωτός
519 1572 667 1668 ἀδελφός
687 1579 721 1651 Ξ
740 1586 809 1650 485.
856 1583 977 1650 0336.
999 1623 1039 1632 -
1061 1577 1171 1650 Ξ219
1195 1576 1305 1646 ὅτιτὸ
1326 1597 1373 1649 150

134 1682 221 1751 κατὰ
234 1683 272 1751 τὸ
288 1688 416 1772 στῆθος
437 1679 601 1770 κόλπωμα
622 1690 682 1753 τοῦ
702 1683 834 1753 πέπλου
856 1681 1009 1754 κόλπον
1031 1677 1112 1753 εἶπε.
1147 1689 1193 1756 cf.
1209 1693 1245 1752 X
1259 1694 1307 1757 80.

135 1835 176 1844 -
198 1787 320 1871 Κόνις
339 1790 447 1881 τέφρα
472 1798 502 1857 Σ
521 1801 570 1864 23.
591 1835 632 1844 —
652 1790 815 1882 Κόπρος
835 1791 963 1873 σποδός
984 1796 1050 1863 sch.
1072 1795 1104 1862 V
1125 1797 1157 1860 Ω
1180 1802 1240 1865 164
1262 1799 1311 1879 (Χ

134 1911 206 1973 414.
227 1926 256 1969 v.
278 1902 386 1986 Apoll.
407 1903 428 1966 l.
450 1902 515 1982 Η.).
537 1938 577 1947 -
599 1895 769 1986 Λάρναξ
783 1886 842 1990 pro
865 1896 975 1988 σορός,
997 1926 1079 1969 urna
1100 1903 1131 1966 Ω
1154 1909 1224 1971 795.
1258 1902 1308 1967 De

136 2012 250 2078 eodem
274 2010 431 2075 vocabulo
458 2010 661 2076 observatum
689 2013 729 2077 ad
749 2015 779 2074 Σ
798 2017 858 2080 413
881 2006 934 2076 ὅτι
956 2005 1104 2095 λάρνακα
1124 2007 1184 2095 τὴν
1206 2013 1309 2092 κιβω-

135 2110 204 2183 τόν·
238 2114 431 2200 νεωτερικὸν
455 2114 518 2202 γὰρ
548 2109 655 2199 όνομα
681 2113 701 2204 ἡ
731 2110 921 2202 siptacen.
948 2157 986 2166 —
1013 2111 1158 2204 Λόφος
1180 2115 1309 2195 collum,

134 2226 211 2290 hinc
237 2217 491 2313 καταλοφάδεια
518 2230 554 2289 K
577 2233 648 2294 573.
676 2266 718 2276 -
748 2222 871 2302 Τέλος
891 2219 1000 2309 τάγμα
1026 2229 1061 2288 Κ
1081 2233 1151 2293 470.
1191 2228 1220 2287 Σ
1239 2230 1308 2292 298.

135 2371 176 2381 -
201 2326 389 2399 Ὀνεόατα
417 2357 484 2399 non
511 2334 632 2418 ubique
660 2326 821 2417 βρώματα
852 2335 911 2417 (sic
939 2333 1156 2418 explicuerant
1183 2332 1310 2418 glosso-

136 2441 279 2527 graphi),
309 2434 396 2505 ἀλλὰ
420 2435 529 2505 πάντα
550 2440 592 2505 τὰ
614 2433 727 2527 όνησέν
746 2466 822 2506 τινα
844 2443 1102 2525 περιποιοῦντα,
1126 2433 1172 2516 ὡς
1192 2442 1248 2503 νῦν
1269 2436 1309 2503 τὰ

137 2547 238 2634 δῶρα,
259 2550 290 2612 Ω
306 2553 374 2617 367.
395 2589 436 2598 -
451 2544 582 2613 Ὅπλα
597 2553 631 2615 et
649 2572 738 2614 arma
759 2555 792 2615 et
815 2551 1029 2635 quodcunque
1050 2550 1309 2614 instrumentum.

135 2655 250 2741 Neque
278 2657 364 2722 enim
393 2657 605 2723 dubitandum
631 2657 758 2723 videtur
787 2658 866 2742 quin
887 2680 969 2743 quae
990 2658 1025 2721 in
1046 2656 1073 2720 Β
1095 2656 1249 2740 leguntur
1270 2656 1310 2720 ad

136 2767 165 2827 Σ
179 2769 247 2843 613,
273 2769 353 2832 Τ21
378 2787 416 2830 ex
430 2764 462 2830 A
482 2765 641 2830 fluxerint.
665 2803 705 2812 -
725 2757 858 2851 Ποινή
880 2765 996 2830 dicitur
1011 2764 1107 2830 etiam
1121 2785 1180 2848 pro
1197 2765 1309 2848 quovis

137 2872 242 2958 pretio
259 2871 374 2956 soluto,
397 2894 591 2958 quamquam
608 2874 734 2958 proprie
751 2877 800 2938 est
813 2873 952 2959 pretium
966 2895 1025 2957 pro
1048 2871 1143 2937 caede
1166 2870 1309 2936 solutum

136 2982 184 3063 (et
206 2980 347 3045 derivare
367 2982 493 3046 videtur
515 3003 533 3045 a
555 2972 682 3067 φόνος).
720 2982 838 3048 Ε266.
875 2980 921 3046 of.
943 2984 974 3044 Γ
985 2986 1053 3048 290.
1090 2980 1139 3045 De
1161 2978 1307 3045 mercede
1320 2983 1391 3053 (153)

137 3216 175 3288 (p.
188 3220 220 3270 60
232 3215 361 3286 Karsten)
381 3209 440 3270 etta
453 3208 488 3269 τὸ
506 3208 603 3269 δεινὸν
620 3206 730 3270 άεθλον
748 3205 765 3269 ὃ
783 3206 965 3283 παγκράτιον
981 3213 1127 3270 καλέουσι.
1154 3213 1310 3266 MImnerm.

138 3301 228 3357 Strab.
251 3301 265 3353 I
286 3319 314 3371 p.
334 3305 366 3354 47
390 3299 427 3370 (p.
451 3304 482 3353 42
506 3297 602 3368 Bach.)
623 3295 747 3371 ὑβριστῇ
767 3298 857 3369 Πελίῃ
880 3297 990 3354 τελέων
1010 3301 1173 3367 χαλεπῆρες
1194 3289 1311 3352 άεθλον.

137 3385 192 3440 Sed
204 3383 334 3454 Aeschyli
351 3383 427 3438 Iocus
445 3382 542 3453 Suppl.
557 3388 623 3438 1034
640 3379 785 3454 στυγερὸν
802 3379 836 3436 δὲ
854 3380 937 3437 πέλει
954 3375 1024 3437 τόδε
1041 3374 1068 3451 γ’
1081 3372 1173 3438 ἆθλον
1189 3381 1312 3436 incertus

138 3471 193 3525 est:
211 3487 286 3523 nunc
299 3469 376 3538 apud
387 3467 579 3522 Hermannum
591 3469 685 3536 <1003>
703 3471 855 3538 στυγερῶν
872 3465 956 3522 πέλοι
974 3460 1027 3520 τόδ
1032 3457 1040 3480 '
1053 3456 1152 3530 άθλον,
1170 3468 1203 3521 ut
1221 3454 1313 3521 ἆθλον

136 3553 293 3624 praemium
311 3552 355 3608 sit,
390 3552 481 3608 Schol.
499 3551 574 3605 Harl.
594 3553 611 3605 d
628 3555 678 3604 242
697 3548 713 3604 ό
733 3540 826 3614 ἆθλος
844 3543 1005 3618 άρσενικῶς
1021 3539 1114 3618 μόνον
1132 3548 1148 3604 ὁ
1168 3541 1260 3620 άγών,
1278 3541 1314 3603 τό

137 3629 231 3694 ἆθλον
248 3636 282 3693 δὲ
299 3639 350 3692 καί
366 3630 401 3691 τό
419 3634 564 3691 ἐπινίκιον
581 3636 632 3689 καί
651 3629 667 3689 ὁ
685 3626 774 3704 άγάν.
806 3633 910 3690 Contra
933 3625 1025 3698 ἆθλος
1047 3630 1155 3706 κυρίως
1174 3623 1191 3690 ό
1207 3631 1312 3698 πόνος·

135 3724 186 3779 καί
208 3716 246 3778 τά
268 3716 383 3778 ascesa
409 3720 498 3776 lexica
519 3716 659 3773 rhetorica
680 3719 758 3788 apud
781 3720 942 3775 Bekkerum
966 3719 1069 3774 Anecd.
1095 3721 1108 3773 l
1130 3724 1180 3774 210
1205 3720 1234 3774 et
1256 3724 1313 3783 349,

136 3806 240 3877 quibus
263 3806 344 3861 nixus
362 3806 539 3861 Hermannus
561 3819 653 3873 opusc.
673 3802 699 3857 V
718 3809 749 3859 82
768 3797 876 3869 άεθλος
894 3821 927 3859 ea
944 3803 1148 3873 significatione
1165 3803 1313 3859 Theocrito

136 3891 215 3947 dedit
232 3908 315 3945 carm.
340 3891 407 3946 VIII
426 3897 466 3947 12.
499 3887 631 3944 Meinekii
654 3887 769 3957 quidem
791 3905 933 3944 assensum
954 3905 1012 3943 non
1029 3888 1107 3954 tulit;
1131 3888 1315 3958 nequeenim

136 3992 262 4045 unquam
280 3968 387 4040 ἄεθλος
408 3993 459 4046 pro
478 3967 588 4030 άεθλον
611 3971 718 4027 dictum
736 3990 805 4039 esse,
830 3973 956 4042 quamvis
974 3973 1115 4029 affirment
1131 3973 1313 4044 grammatici.

135 4059 301 4115 -Ovidius
329 4062 404 4116 certe
427 4059 499 4114 dixit
517 4060 658 4114 certamen
675 4075 725 4128 pro
745 4074 787 4122 re,
812 4059 846 4112 de
870 4075 926 4127 qua
948 4061 1082 4124 certatur,
1105 4058 1123 4112 i.
1144 4077 1167 4113 e.
1189 4058 1313 4130 praemio

136 4144 295 4201 certaminis
319 4145 432 4200 Metam.
450 4144 518 4200 XIII
537 4147 592 4198 129.

203 4232 228 4273 ⁹⁰
245 4229 335 4284 Schol.
354 4229 380 4284 V
396 4230 433 4283 ad
444 4231 472 4283 Ω
485 4233 534 4284 228
552 4227 732 4282 memorabile
749 4228 837 4284 hahet
854 4228 1013 4298 exemplum
1031 4230 1064 4282 ut
1081 4228 1111 4281 hi
1124 4227 1314 4283 Aristarchum
1410 4241 1413 4248 ·

137 4313 338 4369 intellexerim:
366 4307 549 4388 Ἀρίσταρχος
571 4312 604 4369 δέ
626 4330 698 4383 φησι
722 4316 776 4383 τὴν
795 4306 924 4382 κιβωτόν
954 4312 1034 4377 λέξιν
1061 4313 1209 4381 νεωτέραν
1230 4303 1313 4366 εἶναι.

138 4390 242 4469 άγνοεῖ
256 4395 288 4452 δὲ
308 4386 353 4455 ότι
371 4400 422 4454 καί
440 4398 604 4468 Σιμωνίδης
620 4399 671 4454 καὶ
684 4397 836 4462 Ἑκαταῖος
850 4396 994 4468 μέμνηται
1011 4400 1106 4466 αὐτῆς.
