<?xml version="1.0" encoding="UTF-8"?>
<!DOCTYPE html PUBLIC "-//W3C//DTD XHTML 1.0 Transitional//EN"
    "http://www.w3.org/TR/xhtml1/DTD/xhtml1-transitional.dtd">
<html xmlns="http://www.w3.org/1999/xhtml" xml:lang="en" lang="en">
 <head>
  <title>
</title>
<meta http-equiv="Content-Type" content="text/html;charset=utf-8" />
  <meta name='ocr-system' content='tesseract 3.04.00' />
  <meta name='ocr-capabilities' content='ocr_page ocr_carea ocr_par ocr_line ocrx_word'/>
</head>
<body>
  <div class='ocr_page' id='page_1' title='image "./dearistarchistu01lehrgoog/dearistarchistu01lehrgoog_0322.png"; bbox 0 0 3008 4980; ppageno 0'>
   <div class='ocr_carea' id='block_1_1' title="bbox 542 337 1300 412">
    <p class='ocr_par' dir='ltr' id='par_1_1' title="bbox 542 337 1300 412">
     <span class='ocr_line' id='line_1_1' title="bbox 542 337 1300 412; baseline 0.024 -19"><span class='ocrx_word' id='word_1_1' title='bbox 542 343 566 396; x_wconf 81' lang='lat'>2.</span> <span class='ocrx_word' id='word_1_2' title='bbox 590 339 631 395; x_wconf 88' lang='lat' dir='ltr'>De</span> <span class='ocrx_word' id='word_1_3' title='bbox 648 337 897 411; x_wconf 85' lang='lat' dir='ltr'>interaspiratione.</span> <span class='ocrx_word' id='word_1_4' title='bbox 1240 348 1300 412; x_wconf 82' lang='grc'>307</span> 
     </span>
    </p>
   </div>
   <div class='ocr_carea' id='block_1_2' title="bbox 98 521 1302 618">
    <p class='ocr_par' dir='ltr' id='par_1_2' title="bbox 98 521 1302 618">
     <span class='ocr_line' id='line_1_2' title="bbox 98 521 1302 618; baseline 0 -21"><span class='ocrx_word' id='word_1_5' title='bbox 98 521 101 530; x_wconf 62' lang='grc'>’</span> <span class='ocrx_word' id='word_1_6' title='bbox 137 531 232 597; x_wconf 91' lang='lat' dir='ltr'>bitari</span> <span class='ocrx_word' id='word_1_7' title='bbox 252 551 347 615; x_wconf 86' lang='lat' dir='ltr'>posse</span> <span class='ocrx_word' id='word_1_8' title='bbox 365 533 472 596; x_wconf 87' lang='lat' dir='ltr'>utrum</span> <span class='ocrx_word' id='word_1_9' title='bbox 491 530 571 596; x_wconf 90' lang='lat' dir='ltr'>illud</span> <span class='ocrx_word' id='word_1_10' title='bbox 593 534 805 618; x_wconf 91' lang='lat' dir='ltr'>compositum</span> <span class='ocrx_word' id='word_1_11' title='bbox 827 534 931 598; x_wconf 89' lang='lat' dir='ltr'>sitan</span> <span class='ocrx_word' id='word_1_12' title='bbox 951 531 1074 612; x_wconf 76' lang='lat' dir='ltr'>minua,</span> <span class='ocrx_word' id='word_1_13' title='bbox 1100 536 1208 597; x_wconf 90' lang='lat' dir='ltr'>utrum</span> <span class='ocrx_word' id='word_1_14' title='bbox 1230 554 1302 598; x_wconf 93' lang='lat' dir='ltr'>cum</span> 
     </span>
    </p>
   </div>
   <div class='ocr_carea' id='block_1_3' title="bbox 134 637 1303 1261">
    <p class='ocr_par' dir='ltr' id='par_1_3' title="bbox 134 637 1303 1261">
     <span class='ocr_line' id='line_1_3' title="bbox 134 637 1303 725; baseline 0.001 -22"><span class='ocrx_word' id='word_1_15' title='bbox 134 660 213 704; x_wconf 85' lang='lat' dir='ltr'>voce</span> <span class='ocrx_word' id='word_1_16' title='bbox 242 662 262 703; x_wconf 89' lang='lat' dir='ltr'>a</span> <span class='ocrx_word' id='word_1_17' title='bbox 282 637 346 703; x_wconf 88' lang='lat' dir='ltr'>leni</span> <span class='ocrx_word' id='word_1_18' title='bbox 375 639 489 725; x_wconf 91' lang='lat' dir='ltr'>spiritu</span> <span class='ocrx_word' id='word_1_19' title='bbox 515 639 683 725; x_wconf 81' lang='lat' dir='ltr'>incipienti</span> <span class='ocrx_word' id='word_1_20' title='bbox 710 641 924 725; x_wconf 91' lang='lat' dir='ltr'>compositum</span> <span class='ocrx_word' id='word_1_21' title='bbox 946 663 986 705; x_wconf 88' lang='lat' dir='ltr'>an</span> <span class='ocrx_word' id='word_1_22' title='bbox 1008 640 1048 705; x_wconf 90' lang='lat' dir='ltr'>ab</span> <span class='ocrx_word' id='word_1_23' title='bbox 1071 662 1197 724; x_wconf 84' lang='lat' dir='ltr'>aspero,</span> <span class='ocrx_word' id='word_1_24' title='bbox 1225 641 1303 724; x_wconf 91' lang='lat' dir='ltr'>qnid</span> 
     </span>
     <span class='ocr_line' id='line_1_4' title="bbox 134 745 1302 834; baseline 0.001 -24"><span class='ocrx_word' id='word_1_25' title='bbox 134 746 198 831; x_wconf 88' lang='lat' dir='ltr'>ipsi</span> <span class='ocrx_word' id='word_1_26' title='bbox 223 746 384 811; x_wconf 86' lang='lat' dir='ltr'>videretur</span> <span class='ocrx_word' id='word_1_27' title='bbox 410 745 539 811; x_wconf 86' lang='lat' dir='ltr'>illorum</span> <span class='ocrx_word' id='word_1_28' title='bbox 561 748 727 834; x_wconf 83' lang='lat' dir='ltr'>signorum</span> <span class='ocrx_word' id='word_1_29' title='bbox 752 771 813 833; x_wconf 89' lang='lat' dir='ltr'>ope</span> <span class='ocrx_word' id='word_1_30' title='bbox 835 747 978 813; x_wconf 89' lang='lat' dir='ltr'>adbibita</span> <span class='ocrx_word' id='word_1_31' title='bbox 999 746 1170 813; x_wconf 79' lang='lat' dir='ltr'>indicabat.</span> <span class='ocrx_word' id='word_1_32' title='bbox 1214 746 1302 824; x_wconf 82' lang='lat' dir='ltr'>Quae</span> 
     </span>
     <span class='ocr_line' id='line_1_5' title="bbox 135 852 1303 939; baseline 0.001 -22"><span class='ocrx_word' id='word_1_33' title='bbox 135 857 270 937; x_wconf 89' lang='lat' dir='ltr'>apparet</span> <span class='ocrx_word' id='word_1_34' title='bbox 299 875 372 917; x_wconf 88' lang='lat' dir='ltr'>eum</span> <span class='ocrx_word' id='word_1_35' title='bbox 400 852 533 937; x_wconf 89' lang='lat' dir='ltr'>reliquis</span> <span class='ocrx_word' id='word_1_36' title='bbox 559 855 742 921; x_wconf 90' lang='lat' dir='ltr'>accentibus</span> <span class='ocrx_word' id='word_1_37' title='bbox 770 876 835 919; x_wconf 93' lang='lat' dir='ltr'>uno</span> <span class='ocrx_word' id='word_1_38' title='bbox 863 855 1039 939; x_wconf 90' lang='lat' dir='ltr'>eodemque</span> <span class='ocrx_word' id='word_1_39' title='bbox 1060 854 1133 919; x_wconf 93' lang='lat' dir='ltr'>loco</span> <span class='ocrx_word' id='word_1_40' title='bbox 1154 853 1303 919; x_wconf 88' lang='lat' dir='ltr'>habenda</span> 
     </span>
     <span class='ocr_line' id='line_1_6' title="bbox 136 959 1303 1047; baseline -0.001 -21"><span class='ocrx_word' id='word_1_41' title='bbox 136 982 214 1026; x_wconf 89' lang='lat' dir='ltr'>esse.</span> <span class='ocrx_word' id='word_1_42' title='bbox 249 959 334 1026; x_wconf 89' lang='lat' dir='ltr'>Usus</span> <span class='ocrx_word' id='word_1_43' title='bbox 350 964 398 1026; x_wconf 90' lang='lat' dir='ltr'>est</span> <span class='ocrx_word' id='word_1_44' title='bbox 417 961 511 1026; x_wconf 91' lang='lat' dir='ltr'>simul</span> <span class='ocrx_word' id='word_1_45' title='bbox 531 962 566 1026; x_wconf 90' lang='lat' dir='ltr'>in</span> <span class='ocrx_word' id='word_1_46' title='bbox 586 962 771 1047; x_wconf 92' lang='lat' dir='ltr'>compositis</span> <span class='ocrx_word' id='word_1_47' title='bbox 792 964 829 1026; x_wconf 91' lang='lat' dir='ltr'>ut</span> <span class='ocrx_word' id='word_1_48' title='bbox 849 961 1013 1044; x_wconf 86' lang='lat' dir='ltr'>indicaret,</span> <span class='ocrx_word' id='word_1_49' title='bbox 1034 965 1143 1027; x_wconf 92' lang='lat' dir='ltr'>utrum</span> <span class='ocrx_word' id='word_1_50' title='bbox 1164 961 1303 1026; x_wconf 88' lang='lat' dir='ltr'>secunda</span> 
     </span>
     <span class='ocr_line' id='line_1_7' title="bbox 135 1068 1303 1154; baseline -0.002 -20"><span class='ocrx_word' id='word_1_51' title='bbox 135 1090 210 1153; x_wconf 88' lang='lat' dir='ltr'>pars</span> <span class='ocrx_word' id='word_1_52' title='bbox 231 1068 318 1133; x_wconf 80' lang='lat' dir='ltr'>vocis</span> <span class='ocrx_word' id='word_1_53' title='bbox 349 1089 529 1153; x_wconf 82' lang='lat' dir='ltr'>expressam</span> <span class='ocrx_word' id='word_1_54' title='bbox 557 1069 825 1154; x_wconf 81' lang='lat' dir='ltr'>significationem</span> <span class='ocrx_word' id='word_1_55' title='bbox 850 1068 998 1152; x_wconf 84' lang='lat' dir='ltr'>baberet,</span> <span class='ocrx_word' id='word_1_56' title='bbox 1025 1092 1066 1134; x_wconf 86' lang='lat' dir='ltr'>an</span> <span class='ocrx_word' id='word_1_57' title='bbox 1092 1068 1303 1135; x_wconf 74' lang='lat' dir='ltr'>delitesceret:</span> 
     </span>
     <span class='ocr_line' id='line_1_8' title="bbox 136 1175 733 1261; baseline 0.003 -21"><span class='ocrx_word' id='word_1_58' title='bbox 136 1175 226 1258; x_wconf 91' lang='lat' dir='ltr'>quod</span> <span class='ocrx_word' id='word_1_59' title='bbox 248 1175 419 1261; x_wconf 87' lang='lat' dir='ltr'>discipulos</span> <span class='ocrx_word' id='word_1_60' title='bbox 439 1177 520 1243; x_wconf 89' lang='lat' dir='ltr'>scire</span> <span class='ocrx_word' id='word_1_61' title='bbox 540 1176 733 1244; x_wconf 66' lang='lat' dir='ltr'>volebat²²t</span> 
     </span>
    </p>
   </div>
   <div class='ocr_carea' id='block_1_4' title="bbox 136 1366 1389 3504">
    <p class='ocr_par' dir='ltr' id='par_1_4' title="bbox 137 1366 1305 1882">
     <span class='ocr_line' id='line_1_9' title="bbox 219 1366 1304 1452; baseline -0.002 -18"><span class='ocrx_word' id='word_1_62' title='bbox 219 1367 239 1451; x_wconf 64' lang='grc' dir='ltr'><strong>ἓ</strong></span> <span class='ocrx_word' id='word_1_63' title='bbox 265 1373 294 1435; x_wconf 83' lang='lat'>2.</span> <span class='ocrx_word' id='word_1_64' title='bbox 340 1366 385 1433; x_wconf 75' lang='lat' dir='ltr'>Et</span> <span class='ocrx_word' id='word_1_65' title='bbox 410 1368 449 1433; x_wconf 89' lang='lat' dir='ltr'>de</span> <span class='ocrx_word' id='word_1_66' title='bbox 475 1368 662 1434; x_wconf 83' lang='lat' dir='ltr'>Aristarcho</span> <span class='ocrx_word' id='word_1_67' title='bbox 695 1368 812 1434; x_wconf 88' lang='lat' dir='ltr'>diserta</span> <span class='ocrx_word' id='word_1_68' title='bbox 843 1367 973 1452; x_wconf 88' lang='lat' dir='ltr'>quidem</span> <span class='ocrx_word' id='word_1_69' title='bbox 1001 1371 1128 1452; x_wconf 89' lang='lat' dir='ltr'>praeter</span> <span class='ocrx_word' id='word_1_70' title='bbox 1156 1389 1193 1432; x_wconf 89' lang='lat' dir='ltr'>ca</span> <span class='ocrx_word' id='word_1_71' title='bbox 1222 1387 1304 1452; x_wconf 85' lang='lat' dir='ltr'>quae</span> 
     </span>
     <span class='ocr_line' id='line_1_10' title="bbox 137 1474 1304 1561; baseline 0 -23"><span class='ocrx_word' id='word_1_72' title='bbox 137 1475 359 1560; x_wconf 83' lang='lat' dir='ltr'>congessimus</span> <span class='ocrx_word' id='word_1_73' title='bbox 384 1475 569 1541; x_wconf 86' lang='lat' dir='ltr'>testimonia</span> <span class='ocrx_word' id='word_1_74' title='bbox 598 1478 726 1559; x_wconf 80' lang='lat' dir='ltr'>desunt,</span> <span class='ocrx_word' id='word_1_75' title='bbox 758 1477 875 1561; x_wconf 91' lang='lat' dir='ltr'>quibus</span> <span class='ocrx_word' id='word_1_76' title='bbox 902 1477 935 1540; x_wconf 90' lang='lat' dir='ltr'>in</span> <span class='ocrx_word' id='word_1_77' title='bbox 962 1475 1094 1540; x_wconf 89' lang='lat' dir='ltr'>vocibus</span> <span class='ocrx_word' id='word_1_78' title='bbox 1120 1476 1159 1539; x_wconf 91' lang='lat' dir='ltr'>de</span> <span class='ocrx_word' id='word_1_79' title='bbox 1184 1474 1242 1539; x_wconf 86' lang='lat' dir='ltr'>illa</span> <span class='ocrx_word' id='word_1_80' title='bbox 1270 1475 1304 1538; x_wconf 90' lang='lat' dir='ltr'>in</span> 
     </span>
     <span class='ocr_line' id='line_1_11' title="bbox 137 1580 1304 1668; baseline 0.001 -24"><span class='ocrx_word' id='word_1_81' title='bbox 137 1580 251 1645; x_wconf 91' lang='lat' dir='ltr'>mediis</span> <span class='ocrx_word' id='word_1_82' title='bbox 277 1581 441 1647; x_wconf 84' lang='lat' dir='ltr'>vocabulis</span> <span class='ocrx_word' id='word_1_83' title='bbox 467 1585 659 1668; x_wconf 82' lang='lat' dir='ltr'>aspiratione</span> <span class='ocrx_word' id='word_1_84' title='bbox 688 1585 816 1649; x_wconf 91' lang='lat' dir='ltr'>locutus</span> <span class='ocrx_word' id='word_1_85' title='bbox 842 1585 894 1649; x_wconf 91' lang='lat' dir='ltr'>sit.</span> <span class='ocrx_word' id='word_1_86' title='bbox 937 1582 1001 1650; x_wconf 81' lang='lat' dir='ltr'>Sed</span> <span class='ocrx_word' id='word_1_87' title='bbox 1027 1582 1102 1647; x_wconf 89' lang='lat' dir='ltr'>licet</span> <span class='ocrx_word' id='word_1_88' title='bbox 1128 1585 1236 1646; x_wconf 88' lang='lat' dir='ltr'>tamen</span> <span class='ocrx_word' id='word_1_89' title='bbox 1266 1582 1304 1646; x_wconf 90' lang='lat' dir='ltr'>de</span> 
     </span>
     <span class='ocr_line' id='line_1_12' title="bbox 137 1686 1304 1777; baseline 0.002 -26"><span class='ocrx_word' id='word_1_90' title='bbox 137 1686 285 1771; x_wconf 88' lang='lat' dir='ltr'>pluribus</span> <span class='ocrx_word' id='word_1_91' title='bbox 307 1691 474 1774; x_wconf 86' lang='lat' dir='ltr'>suspicari,</span> <span class='ocrx_word' id='word_1_92' title='bbox 500 1692 538 1757; x_wconf 91' lang='lat' dir='ltr'>de</span> <span class='ocrx_word' id='word_1_93' title='bbox 564 1691 729 1758; x_wconf 92' lang='lat' dir='ltr'>nonnullis</span> <span class='ocrx_word' id='word_1_94' title='bbox 755 1714 857 1777; x_wconf 90' lang='lat' dir='ltr'>paene</span> <span class='ocrx_word' id='word_1_95' title='bbox 878 1713 937 1777; x_wconf 93' lang='lat' dir='ltr'>pro</span> <span class='ocrx_word' id='word_1_96' title='bbox 964 1695 1051 1756; x_wconf 89' lang='lat' dir='ltr'>certo</span> <span class='ocrx_word' id='word_1_97' title='bbox 1074 1688 1240 1755; x_wconf 85' lang='lat' dir='ltr'>affirmare.</span> <span class='ocrx_word' id='word_1_98' title='bbox 1263 1726 1304 1736; x_wconf 90' lang='lat'><em>-</em></span> 
     </span>
     <span class='ocr_line' id='line_1_13' title="bbox 137 1790 1305 1882; baseline 0.003 -24"><span class='ocrx_word' id='word_1_99' title='bbox 137 1793 378 1880; x_wconf 70' lang='lat' dir='ltr'>Erupere,</span> <span class='ocrx_word' id='word_1_100' title='bbox 394 1804 413 1865; x_wconf 84' lang='lat'>9</span> <span class='ocrx_word' id='word_1_101' title='bbox 434 1792 781 1882; x_wconf 74' lang='grc' dir='ltr'><strong><em>ὑπερικταίνοντο·</em></strong></span> <span class='ocrx_word' id='word_1_102' title='bbox 801 1790 932 1878; x_wconf 64' lang='lat' dir='ltr'>„addae</span> <span class='ocrx_word' id='word_1_103' title='bbox 953 1791 985 1863; x_wconf 80' lang='grc' dir='ltr'>δ’</span> <span class='ocrx_word' id='word_1_104' title='bbox 1007 1791 1305 1881; x_wconf 56' lang='grc' dir='ltr'><strong><em>ὑπερικταίνοντο(</em></strong></span> 
     </span>
    </p>

    <p class='ocr_par' dir='ltr' id='par_1_5' title="bbox 136 1890 1389 3504">
     <span class='ocr_line' id='line_1_14' title="bbox 138 1890 1305 1993; baseline -0.002 -24"><span class='ocrx_word' id='word_1_105' title='bbox 138 1903 182 1989; x_wconf 83' lang='grc' dir='ltr'>(ψ</span> <span class='ocrx_word' id='word_1_106' title='bbox 203 1905 245 1986; x_wconf 84' lang='grc'>3).</span> <span class='ocrx_word' id='word_1_107' title='bbox 284 1895 417 1990; x_wconf 80' lang='grc' dir='ltr'><em>Κράτης</em></span> <span class='ocrx_word' id='word_1_108' title='bbox 440 1901 478 1969; x_wconf 87' lang='grc' dir='ltr'>τὸ</span> <span class='ocrx_word' id='word_1_109' title='bbox 506 1898 590 1988; x_wconf 70' lang='lat' dir='ltr'>dyas</span> <span class='ocrx_word' id='word_1_110' title='bbox 614 1900 800 1993; x_wconf 68' lang='lat' dir='ltr'>dodilone</span> <span class='ocrx_word' id='word_1_111' title='bbox 827 1907 860 1988; x_wconf 88' lang='lat' dir='ltr'>(l.</span> <span class='ocrx_word' id='word_1_112' title='bbox 888 1897 1087 1989; x_wconf 74' lang='grc' dir='ltr'><strong><em>ἐπάλλοντο)</em></strong></span> <span class='ocrx_word' id='word_1_113' title='bbox 1113 1890 1305 1987; x_wconf 71' lang='grc' dir='ltr'><strong><em>δίτερικταί-</em></strong></span> 
     </span>
     <span class='ocr_line' id='line_1_15' title="bbox 140 2004 1307 2099; baseline 0.003 -28"><span class='ocrx_word' id='word_1_114' title='bbox 140 2030 234 2074; x_wconf 88' lang='grc' dir='ltr'><strong><em>νοντο</em></strong></span> <span class='ocrx_word' id='word_1_115' title='bbox 249 2004 598 2098; x_wconf 78' lang='grc' dir='ltr'><strong><em>(1.ὑπερεξετείνοντο).</em></strong></span> <span class='ocrx_word' id='word_1_116' title='bbox 630 2008 807 2092; x_wconf 78' lang='grc' dir='ltr'><strong><em>Λυσανίας</em></strong></span> <span class='ocrx_word' id='word_1_117' title='bbox 825 2010 882 2079; x_wconf 75' lang='grc' dir='ltr'>ἐπὶ</span> <span class='ocrx_word' id='word_1_118' title='bbox 894 2016 954 2080; x_wconf 79' lang='grc' dir='ltr'>τοῦ</span> <span class='ocrx_word' id='word_1_119' title='bbox 966 2008 1098 2097; x_wconf 77' lang='grc' dir='ltr'><strong><em>τρέμειν</em></strong></span> <span class='ocrx_word' id='word_1_120' title='bbox 1111 2009 1194 2099; x_wconf 73' lang='grc' dir='ltr'><strong><em>(μησί</em></strong></span> <span class='ocrx_word' id='word_1_121' title='bbox 1213 2005 1307 2075; x_wconf 84' lang='grc' dir='ltr'><strong><em>τετά-</em></strong></span> 
     </span>
     <span class='ocr_line' id='line_1_16' title="bbox 136 2109 1309 2207; baseline 0.002 -27"><span class='ocrx_word' id='word_1_122' title='bbox 136 2116 285 2197; x_wconf 60' lang='grc' dir='ltr'>χθαιῖἳῦ.</span> <span class='ocrx_word' id='word_1_123' title='bbox 326 2109 351 2203; x_wconf 70' lang='grc' dir='ltr'>ἢ</span> <span class='ocrx_word' id='word_1_124' title='bbox 372 2111 563 2206; x_wconf 83' lang='grc' dir='ltr'><strong><em>δασύνεται,</em></strong></span> <span class='ocrx_word' id='word_1_125' title='bbox 589 2117 673 2187; x_wconf 79' lang='grc' dir='ltr'><strong><em>ὥστε</em></strong></span> <span class='ocrx_word' id='word_1_126' title='bbox 695 2112 781 2187; x_wconf 84' lang='grc' dir='ltr'><strong><em>εἶναι</em></strong></span> <span class='ocrx_word' id='word_1_127' title='bbox 800 2115 1045 2207; x_wconf 80' lang='grc' dir='ltr'><strong><em>ὑπερικνοῦντο.</em></strong></span> <span class='ocrx_word' id='word_1_128' title='bbox 1088 2114 1121 2186; x_wconf 81' lang='grc' dir='ltr'>οὶ</span> <span class='ocrx_word' id='word_1_129' title='bbox 1147 2114 1183 2183; x_wconf 83' lang='grc' dir='ltr'>δὲ</span> <span class='ocrx_word' id='word_1_130' title='bbox 1203 2111 1309 2194; x_wconf 76' lang='grc' dir='ltr'><strong><em>πόδες</em></strong></span> 
     </span>
     <span class='ocr_line' id='line_1_17' title="bbox 140 2221 1308 2317; baseline 0.004 -30"><span class='ocrx_word' id='word_1_131' title='bbox 140 2221 323 2290; x_wconf 81' lang='grc' dir='ltr'><strong><em>διϊκνοῦντο</em></strong></span> <span class='ocrx_word' id='word_1_132' title='bbox 347 2223 403 2290; x_wconf 87' lang='grc' dir='ltr'>διὰ</span> <span class='ocrx_word' id='word_1_133' title='bbox 426 2225 486 2314; x_wconf 80' lang='grc' dir='ltr'>τὴν</span> <span class='ocrx_word' id='word_1_134' title='bbox 504 2225 609 2317; x_wconf 82' lang='grc' dir='ltr'><strong><em>χαρὰν</em></strong></span> <span class='ocrx_word' id='word_1_135' title='bbox 630 2224 713 2316; x_wconf 78' lang='grc' dir='ltr'><strong><em>ὑπὲρ</em></strong></span> <span class='ocrx_word' id='word_1_136' title='bbox 734 2227 772 2295; x_wconf 89' lang='grc' dir='ltr'>τὸ</span> <span class='ocrx_word' id='word_1_137' title='bbox 793 2224 915 2313; x_wconf 77' lang='grc' dir='ltr'><strong><em>μέτρον</em></strong></span> <span class='ocrx_word' id='word_1_138' title='bbox 934 2231 992 2315; x_wconf 76' lang='grc' dir='ltr'>τῆς</span> <span class='ocrx_word' id='word_1_139' title='bbox 1015 2221 1191 2309; x_wconf 77' lang='grc' dir='ltr'><strong><em>δυνάμεως.</em></strong></span> <span class='ocrx_word' id='word_1_140' title='bbox 1228 2226 1308 2292; x_wconf 77' lang='lat' dir='ltr'>Cum</span> 
     </span>
     <span class='ocr_line' id='line_1_18' title="bbox 138 2327 1308 2426; baseline 0 -29"><span class='ocrx_word' id='word_1_141' title='bbox 138 2330 190 2397; x_wconf 89' lang='lat' dir='ltr'>his</span> <span class='ocrx_word' id='word_1_142' title='bbox 217 2332 361 2400; x_wconf 88' lang='lat' dir='ltr'>conferas</span> <span class='ocrx_word' id='word_1_143' title='bbox 387 2335 487 2402; x_wconf 87' lang='lat' dir='ltr'>schol.</span> <span class='ocrx_word' id='word_1_144' title='bbox 516 2338 557 2403; x_wconf 89' lang='lat' dir='ltr'>ad</span> <span class='ocrx_word' id='word_1_145' title='bbox 578 2339 600 2406; x_wconf 87' lang='lat' dir='ltr'>l.</span> <span class='ocrx_word' id='word_1_146' title='bbox 626 2338 648 2408; x_wconf 88' lang='lat' dir='ltr'>l.</span> <span class='ocrx_word' id='word_1_147' title='bbox 673 2331 965 2426; x_wconf 69' lang='lat' dir='ltr'>inspectricem:</span> <span class='ocrx_word' id='word_1_148' title='bbox 994 2329 1205 2424; x_wconf 80' lang='grc' dir='ltr'><strong><em>Ἀρίσταρχος</em></strong></span> <span class='ocrx_word' id='word_1_149' title='bbox 1233 2327 1308 2398; x_wconf 83' lang='grc' dir='ltr'><strong><em>ἀνε-</em></strong></span> 
     </span>
     <span class='ocr_line' id='line_1_19' title="bbox 139 2435 1389 2532; baseline -0.004 -29"><span class='ocrx_word' id='word_1_150' title='bbox 139 2435 307 2507; x_wconf 80' lang='grc' dir='ltr'><strong><em>πάλλοντο</em></strong></span> <span class='ocrx_word' id='word_1_151' title='bbox 328 2439 385 2506; x_wconf 84' lang='grc' dir='ltr'>καὶ</span> <span class='ocrx_word' id='word_1_152' title='bbox 402 2439 568 2510; x_wconf 79' lang='grc' dir='ltr'><strong><em>ἐκινοῦντο</em></strong></span> <span class='ocrx_word' id='word_1_153' title='bbox 589 2440 871 2532; x_wconf 79' lang='grc' dir='ltr'><strong><em>προδυμουμένης</em></strong></span> <span class='ocrx_word' id='word_1_154' title='bbox 892 2437 993 2531; x_wconf 74' lang='grc' dir='ltr'><strong><em>αὐτῆς</em></strong></span> <span class='ocrx_word' id='word_1_155' title='bbox 1006 2439 1157 2528; x_wconf 76' lang='grc' dir='ltr'><strong><em>βαδίζειν</em></strong></span> <span class='ocrx_word' id='word_1_156' title='bbox 1173 2437 1306 2526; x_wconf 71' lang='grc' dir='ltr'><strong><em>ταχέως,</em></strong></span> <span class='ocrx_word' id='word_1_157' title='bbox 1319 2444 1389 2514; x_wconf 80' lang='grc'><strong>(324)</strong></span> 
     </span>
     <span class='ocr_line' id='line_1_20' title="bbox 138 2543 1373 2638; baseline 0.002 -27"><span class='ocrx_word' id='word_1_158' title='bbox 138 2544 185 2632; x_wconf 80' lang='grc' dir='ltr'>μὴ</span> <span class='ocrx_word' id='word_1_159' title='bbox 208 2544 388 2636; x_wconf 80' lang='grc' dir='ltr'><strong><em>δυναμένης</em></strong></span> <span class='ocrx_word' id='word_1_160' title='bbox 410 2547 461 2631; x_wconf 89' lang='grc' dir='ltr'>δέ,</span> <span class='ocrx_word' id='word_1_161' title='bbox 490 2544 577 2617; x_wconf 75' lang='grc' dir='ltr'><em>ἀλλὰ</em></span> <span class='ocrx_word' id='word_1_162' title='bbox 603 2550 687 2617; x_wconf 87' lang='grc' dir='ltr'><strong><em>κατὰ</em></strong></span> <span class='ocrx_word' id='word_1_163' title='bbox 717 2551 819 2638; x_wconf 71' lang='grc' dir='ltr'><strong><em>βραχὺ</em></strong></span> <span class='ocrx_word' id='word_1_164' title='bbox 848 2549 905 2617; x_wconf 87' lang='grc' dir='ltr'>διὰ</span> <span class='ocrx_word' id='word_1_165' title='bbox 927 2550 965 2619; x_wconf 87' lang='grc' dir='ltr'>τὸ</span> <span class='ocrx_word' id='word_1_166' title='bbox 987 2554 1104 2638; x_wconf 76' lang='grc' dir='ltr'><strong><em>γῆρας·</em></strong></span> <span class='ocrx_word' id='word_1_167' title='bbox 1134 2543 1152 2617; x_wconf 84' lang='grc' dir='ltr'>ὁ</span> <span class='ocrx_word' id='word_1_168' title='bbox 1177 2545 1213 2615; x_wconf 83' lang='grc' dir='ltr'>δὲ</span> <span class='ocrx_word' id='word_1_169' title='bbox 1234 2550 1305 2632; x_wconf 90' lang='lat' dir='ltr'>(ins.</span> <span class='ocrx_word' id='word_1_170' title='bbox 1324 2558 1373 2609; x_wconf 83' lang='lat'>312</span> 
     </span>
     <span class='ocr_line' id='line_1_21' title="bbox 140 2647 1306 2747; baseline 0.001 -28"><span class='ocrx_word' id='word_1_171' title='bbox 140 2647 346 2742; x_wconf 52' lang='lat' dir='ltr'>dodanam)</span> <span class='ocrx_word' id='word_1_172' title='bbox 376 2652 666 2745; x_wconf 82' lang='grc' dir='ltr'><strong><em>ὖτιερεξετείνοντο.</em></strong></span> <span class='ocrx_word' id='word_1_173' title='bbox 707 2654 844 2745; x_wconf 81' lang='grc' dir='ltr'><strong><em>δίμεινον</em></strong></span> <span class='ocrx_word' id='word_1_174' title='bbox 871 2660 977 2747; x_wconf 75' lang='grc' dir='ltr'><strong><em>δῆθεν</em></strong></span> <span class='ocrx_word' id='word_1_175' title='bbox 1003 2654 1185 2735; x_wconf 79' lang='grc' dir='ltr'><strong><em>ἐκινοῦντο,</em></strong></span> <span class='ocrx_word' id='word_1_176' title='bbox 1214 2653 1306 2740; x_wconf 83' lang='grc' dir='ltr'><strong><em>παρὰ</em></strong></span> 
     </span>
     <span class='ocr_line' id='line_1_22' title="bbox 139 2755 1307 2854; baseline 0.002 -28"><span class='ocrx_word' id='word_1_177' title='bbox 139 2759 177 2828; x_wconf 89' lang='grc' dir='ltr'>τὸ</span> <span class='ocrx_word' id='word_1_178' title='bbox 199 2755 307 2850; x_wconf 76' lang='grc' dir='ltr'><strong><em>ἴκταρ,</em></strong></span> <span class='ocrx_word' id='word_1_179' title='bbox 332 2761 454 2833; x_wconf 75' lang='lat' dir='ltr'>iiiam</span> <span class='ocrx_word' id='word_1_180' title='bbox 475 2762 576 2852; x_wconf 74' lang='grc' dir='ltr'>ἐγγύς.</span> <span class='ocrx_word' id='word_1_181' title='bbox 613 2765 745 2853; x_wconf 79' lang='grc' dir='ltr'><strong><em>καὶγὰρ</em></strong></span> <span class='ocrx_word' id='word_1_182' title='bbox 764 2762 942 2854; x_wconf 81' lang='grc' dir='ltr'><strong><em>προείρηκε</em></strong></span> <span class='ocrx_word' id='word_1_183' title='bbox 963 2759 1131 2851; x_wconf 73' lang='lat' dir='ltr'>„pedraca</span> <span class='ocrx_word' id='word_1_184' title='bbox 1154 2759 1184 2828; x_wconf 81' lang='grc' dir='ltr'>δ’</span> <span class='ocrx_word' id='word_1_185' title='bbox 1208 2758 1307 2850; x_wconf 81' lang='grc' dir='ltr'><strong><em>ἒῤῥοί·</em></strong></span> 
     </span>
     <span class='ocr_line' id='line_1_23' title="bbox 140 2865 1308 2963; baseline 0.002 -27"><span class='ocrx_word' id='word_1_186' title='bbox 140 2880 276 2939; x_wconf 53' lang='grc' dir='ltr'>σαντοίί.</span> <span class='ocrx_word' id='word_1_187' title='bbox 310 2868 434 2953; x_wconf 86' lang='grc' dir='ltr'><strong><em>ταχέως</em></strong></span> <span class='ocrx_word' id='word_1_188' title='bbox 450 2865 507 2940; x_wconf 80' lang='grc' dir='ltr'>οὖν</span> <span class='ocrx_word' id='word_1_189' title='bbox 520 2867 766 2963; x_wconf 79' lang='grc' dir='ltr'><strong><em>ὖπερικνοῦντο,</em></strong></span> <span class='ocrx_word' id='word_1_190' title='bbox 785 2871 804 2942; x_wconf 85' lang='lat' dir='ltr'>b&#39;</span> <span class='ocrx_word' id='word_1_191' title='bbox 819 2871 889 2941; x_wconf 77' lang='grc' dir='ltr'><strong><em>ἐστι</em></strong></span> <span class='ocrx_word' id='word_1_192' title='bbox 903 2867 1127 2959; x_wconf 70' lang='grc' dir='ltr'><strong><em>παρεγίνοντο,</em></strong></span> <span class='ocrx_word' id='word_1_193' title='bbox 1156 2871 1308 2957; x_wconf 90' lang='lat' dir='ltr'>Apollon.</span> 
     </span>
     <span class='ocr_line' id='line_1_24' title="bbox 139 2974 1309 3069; baseline -0.002 -25"><span class='ocrx_word' id='word_1_194' title='bbox 139 2978 201 3045; x_wconf 88' lang='lat' dir='ltr'>lex.</span> <span class='ocrx_word' id='word_1_195' title='bbox 224 2979 320 3047; x_wconf 92' lang='lat' dir='ltr'>Hom.</span> <span class='ocrx_word' id='word_1_196' title='bbox 341 3005 373 3067; x_wconf 93' lang='lat' dir='ltr'>p.</span> <span class='ocrx_word' id='word_1_197' title='bbox 396 2987 456 3053; x_wconf 90' lang='grc'>804</span> <span class='ocrx_word' id='word_1_198' title='bbox 476 2975 765 3069; x_wconf 72' lang='grc' dir='ltr'><strong><em>ὑπερικταίνοντοε</em></strong></span> <span class='ocrx_word' id='word_1_199' title='bbox 798 2986 862 3048; x_wconf 81' lang='grc' dir='ltr'>τῶν</span> <span class='ocrx_word' id='word_1_200' title='bbox 888 2977 981 3062; x_wconf 80' lang='grc' dir='ltr'><strong><em>ἅπαξ</em></strong></span> <span class='ocrx_word' id='word_1_201' title='bbox 1005 2974 1181 3068; x_wconf 79' lang='grc' dir='ltr'><strong><em>εἰρημένων</em></strong></span> <span class='ocrx_word' id='word_1_202' title='bbox 1209 2975 1244 3043; x_wconf 80' lang='grc' dir='ltr'>ἐν</span> <span class='ocrx_word' id='word_1_203' title='bbox 1269 2981 1309 3066; x_wconf 78' lang='grc' dir='ltr'>τῇ</span> 
     </span>
     <span class='ocr_line' id='line_1_25' title="bbox 145 3080 1308 3179; baseline -0.002 -27"><span class='ocrx_word' id='word_1_204' title='bbox 145 3090 178 3152; x_wconf 80' lang='grc' dir='ltr'><em>Ψ</em></span> <span class='ocrx_word' id='word_1_205' title='bbox 189 3082 476 3175; x_wconf 76' lang='grc' dir='ltr'><strong><em>τῆςὈδυοοείας.</em></strong></span> <span class='ocrx_word' id='word_1_206' title='bbox 492 3142 524 3162; x_wconf 91' lang='grc'>..</span> <span class='ocrx_word' id='word_1_207' title='bbox 545 3085 564 3157; x_wconf 85' lang='grc' dir='ltr'>ὁ</span> <span class='ocrx_word' id='word_1_208' title='bbox 587 3088 649 3178; x_wconf 80' lang='grc' dir='ltr'>μὰρ</span> <span class='ocrx_word' id='word_1_209' title='bbox 660 3085 874 3179; x_wconf 76' lang='grc' dir='ltr'><strong><em>Ἀρίοταρχός</em></strong></span> <span class='ocrx_word' id='word_1_210' title='bbox 893 3111 993 3178; x_wconf 85' lang='grc' dir='ltr'><strong><em>φησιν</em></strong></span> <span class='ocrx_word' id='word_1_211' title='bbox 1014 3081 1097 3174; x_wconf 73' lang='lat' dir='ltr'>dyas</span> <span class='ocrx_word' id='word_1_212' title='bbox 1112 3080 1308 3169; x_wconf 78' lang='grc' dir='ltr'><strong><em>ἐπάλλοντο,</em></strong></span> 
     </span>
     <span class='ocr_line' id='line_1_26' title="bbox 142 3191 1306 3288; baseline -0.001 -29"><span class='ocrx_word' id='word_1_213' title='bbox 142 3193 423 3286; x_wconf 76' lang='grc' dir='ltr'><strong><em>προθαμουμένης</em></strong></span> <span class='ocrx_word' id='word_1_214' title='bbox 449 3193 550 3288; x_wconf 75' lang='grc' dir='ltr'><strong><em>αὐτῆς</em></strong></span> <span class='ocrx_word' id='word_1_215' title='bbox 570 3195 724 3285; x_wconf 73' lang='grc' dir='ltr'><strong><em>βαδίζειν</em></strong></span> <span class='ocrx_word' id='word_1_216' title='bbox 744 3196 804 3284; x_wconf 80' lang='grc' dir='ltr'>μὲν</span> <span class='ocrx_word' id='word_1_217' title='bbox 824 3194 962 3279; x_wconf 86' lang='grc' dir='ltr'><strong><em>ταχέως,</em></strong></span> <span class='ocrx_word' id='word_1_218' title='bbox 985 3194 1030 3282; x_wconf 81' lang='grc' dir='ltr'>μὴ</span> <span class='ocrx_word' id='word_1_219' title='bbox 1056 3191 1237 3281; x_wconf 81' lang='grc' dir='ltr'><strong><em>δυναμένης</em></strong></span> <span class='ocrx_word' id='word_1_220' title='bbox 1258 3191 1306 3270; x_wconf 89' lang='grc' dir='ltr'>δέ,</span> 
     </span>
     <span class='ocr_line' id='line_1_27' title="bbox 143 3295 1309 3396; baseline -0.003 -28"><span class='ocrx_word' id='word_1_221' title='bbox 143 3295 231 3371; x_wconf 68' lang='grc' dir='ltr'>ἀλλὰ</span> <span class='ocrx_word' id='word_1_222' title='bbox 257 3303 341 3371; x_wconf 84' lang='grc' dir='ltr'><strong><em>κατὰ</em></strong></span> <span class='ocrx_word' id='word_1_223' title='bbox 366 3302 485 3391; x_wconf 79' lang='grc' dir='ltr'><strong><em>βραχύ,</em></strong></span> <span class='ocrx_word' id='word_1_224' title='bbox 515 3304 573 3374; x_wconf 84' lang='grc' dir='ltr'>διὰ</span> <span class='ocrx_word' id='word_1_225' title='bbox 598 3306 636 3375; x_wconf 88' lang='grc' dir='ltr'>τὸ</span> <span class='ocrx_word' id='word_1_226' title='bbox 662 3315 765 3396; x_wconf 74' lang='grc' dir='ltr'><strong><em>γῆρας</em></strong></span> <span class='ocrx_word' id='word_1_227' title='bbox 791 3307 878 3395; x_wconf 87' lang='grc' dir='ltr'>&lt;υο(1.</span> <span class='ocrx_word' id='word_1_228' title='bbox 906 3300 1038 3392; x_wconf 75' lang='grc' dir='ltr'>γήρως).</span> <span class='ocrx_word' id='word_1_229' title='bbox 1080 3302 1229 3386; x_wconf 81' lang='lat' dir='ltr'>(Sensum</span> <span class='ocrx_word' id='word_1_230' title='bbox 1255 3323 1309 3366; x_wconf 85' lang='lat' dir='ltr'>ex·</span> 
     </span>
     <span class='ocr_line' id='line_1_28' title="bbox 142 3405 1308 3504; baseline -0.003 -28"><span class='ocrx_word' id='word_1_231' title='bbox 142 3413 260 3497; x_wconf 88' lang='lat' dir='ltr'>pressit</span> <span class='ocrx_word' id='word_1_232' title='bbox 281 3418 319 3480; x_wconf 95' lang='lat' dir='ltr'>ut</span> <span class='ocrx_word' id='word_1_233' title='bbox 338 3413 509 3502; x_wconf 83' lang='lat' dir='ltr'>Virgilius:</span> <span class='ocrx_word' id='word_1_234' title='bbox 530 3416 636 3483; x_wconf 90' lang='lat' dir='ltr'>studio</span> <span class='ocrx_word' id='word_1_235' title='bbox 655 3416 848 3504; x_wconf 81' lang='lat' dir='ltr'>properabat</span> <span class='ocrx_word' id='word_1_236' title='bbox 870 3414 945 3480; x_wconf 90' lang='lat' dir='ltr'>anili</span> <span class='ocrx_word' id='word_1_237' title='bbox 966 3411 1013 3478; x_wconf 93' lang='lat' dir='ltr'>IV</span> <span class='ocrx_word' id='word_1_238' title='bbox 1035 3415 1115 3494; x_wconf 84' lang='grc'><strong>641.)</strong></span> <span class='ocrx_word' id='word_1_239' title='bbox 1154 3405 1308 3498; x_wconf 83' lang='grc' dir='ltr'><strong><em>φαίνεται</em></strong></span> 
     </span>
    </p>
   </div>
   <div class='ocr_carea' id='block_1_5' title="bbox 142 3637 1326 4547">
    <p class='ocr_par' dir='ltr' id='par_1_6' title="bbox 142 3637 1326 4310">
     <span class='ocr_line' id='line_1_29' title="bbox 209 3637 1309 3722; baseline -0.005 -18"><span class='ocrx_word' id='word_1_240' title='bbox 209 3649 249 3691; x_wconf 72' lang='lat'>²24</span> <span class='ocrx_word' id='word_1_241' title='bbox 265 3648 384 3720; x_wconf 74' lang='lat' dir='ltr'>Antiqui</span> <span class='ocrx_word' id='word_1_242' title='bbox 406 3649 583 3718; x_wconf 80' lang='lat' dir='ltr'>grammatici</span> <span class='ocrx_word' id='word_1_243' title='bbox 604 3651 682 3706; x_wconf 87' lang='lat' dir='ltr'>haud</span> <span class='ocrx_word' id='word_1_244' title='bbox 703 3650 788 3706; x_wconf 88' lang='lat' dir='ltr'>dubie</span> <span class='ocrx_word' id='word_1_245' title='bbox 805 3665 857 3722; x_wconf 91' lang='lat' dir='ltr'>pro</span> <span class='ocrx_word' id='word_1_246' title='bbox 878 3648 957 3718; x_wconf 80' lang='lat' dir='ltr'>signo</span> <span class='ocrx_word' id='word_1_247' title='bbox 975 3644 1088 3717; x_wconf 87' lang='lat' dir='ltr'>spiritus</span> <span class='ocrx_word' id='word_1_248' title='bbox 1110 3643 1154 3698; x_wconf 90' lang='lat' dir='ltr'>usi</span> <span class='ocrx_word' id='word_1_249' title='bbox 1175 3646 1240 3699; x_wconf 90' lang='lat' dir='ltr'>sunt</span> <span class='ocrx_word' id='word_1_250' title='bbox 1258 3637 1309 3710; x_wconf 63' lang='lat' dir='ltr'>„vt</span> 
     </span>
     <span class='ocr_line' id='line_1_30' title="bbox 142 3728 1312 3806; baseline -0.004 -19"><span class='ocrx_word' id='word_1_251' title='bbox 142 3728 325 3803; x_wconf 83' lang='grc' dir='ltr'><strong><em>διχοτίμημα</em></strong></span> <span class='ocrx_word' id='word_1_252' title='bbox 342 3737 396 3791; x_wconf 85' lang='grc' dir='ltr'>τοῦ</span> <span class='ocrx_word' id='word_1_253' title='bbox 412 3737 457 3790; x_wconf 86' lang='grc' dir='ltr'>Η“</span> <span class='ocrx_word' id='word_1_254' title='bbox 475 3734 666 3806; x_wconf 74' lang='lat' dir='ltr'>(Choerobosc.</span> <span class='ocrx_word' id='word_1_255' title='bbox 684 3735 817 3805; x_wconf 73' lang='grc' dir='ltr'>Βυ11ε.ρ.</span> <span class='ocrx_word' id='word_1_256' title='bbox 838 3737 905 3802; x_wconf 76' lang='lat'>780).</span> <span class='ocrx_word' id='word_1_257' title='bbox 938 3732 1019 3786; x_wconf 88' lang='lat' dir='ltr'>Hanc</span> <span class='ocrx_word' id='word_1_258' title='bbox 1041 3730 1158 3785; x_wconf 83' lang='lat' dir='ltr'>formam</span> <span class='ocrx_word' id='word_1_259' title='bbox 1178 3728 1312 3784; x_wconf 87' lang='lat' dir='ltr'>describit</span> 
     </span>
     <span class='ocr_line' id='line_1_31' title="bbox 142 3813 1312 3890; baseline -0.003 -19"><span class='ocrx_word' id='word_1_260' title='bbox 142 3814 274 3872; x_wconf 80' lang='lat' dir='ltr'>Priscian</span> <span class='ocrx_word' id='word_1_261' title='bbox 294 3817 329 3874; x_wconf 89' lang='lat' dir='ltr'>de</span> <span class='ocrx_word' id='word_1_262' title='bbox 346 3835 404 3874; x_wconf 83' lang='lat' dir='ltr'>acc.</span> <span class='ocrx_word' id='word_1_263' title='bbox 422 3837 446 3875; x_wconf 90' lang='lat' dir='ltr'>c.</span> <span class='ocrx_word' id='word_1_264' title='bbox 469 3825 492 3878; x_wconf 80' lang='lat'>2.</span> <span class='ocrx_word' id='word_1_265' title='bbox 511 3820 600 3876; x_wconf 83' lang='lat' dir='ltr'>Schol.</span> <span class='ocrx_word' id='word_1_266' title='bbox 617 3819 701 3877; x_wconf 91' lang='lat' dir='ltr'>Dion.</span> <span class='ocrx_word' id='word_1_267' title='bbox 719 3837 759 3889; x_wconf 83' lang='lat' dir='ltr'>gr.</span> <span class='ocrx_word' id='word_1_268' title='bbox 784 3818 844 3890; x_wconf 90' lang='lat' dir='ltr'>(qui</span> <span class='ocrx_word' id='word_1_269' title='bbox 861 3835 895 3873; x_wconf 83' lang='lat' dir='ltr'>ex</span> <span class='ocrx_word' id='word_1_270' title='bbox 912 3816 993 3872; x_wconf 88' lang='lat' dir='ltr'>codd.</span> <span class='ocrx_word' id='word_1_271' title='bbox 1010 3813 1120 3869; x_wconf 87' lang='lat' dir='ltr'>indiciis</span> <span class='ocrx_word' id='word_1_272' title='bbox 1137 3813 1249 3869; x_wconf 82' lang='lat' dir='ltr'>videtur</span> <span class='ocrx_word' id='word_1_273' title='bbox 1266 3814 1312 3869; x_wconf 88' lang='lat' dir='ltr'>vel</span> 
     </span>
     <span class='ocr_line' id='line_1_32' title="bbox 142 3898 1311 3975; baseline 0.001 -21"><span class='ocrx_word' id='word_1_274' title='bbox 142 3898 277 3972; x_wconf 84' lang='lat' dir='ltr'>Porphyr.</span> <span class='ocrx_word' id='word_1_275' title='bbox 300 3902 346 3958; x_wconf 88' lang='lat' dir='ltr'>vel</span> <span class='ocrx_word' id='word_1_276' title='bbox 362 3902 531 3960; x_wconf 79' lang='lat' dir='ltr'>Theodosius</span> <span class='ocrx_word' id='word_1_277' title='bbox 554 3906 622 3974; x_wconf 88' lang='lat' dir='ltr'>esse)</span> <span class='ocrx_word' id='word_1_278' title='bbox 645 3923 672 3975; x_wconf 91' lang='lat' dir='ltr'>p.</span> <span class='ocrx_word' id='word_1_279' title='bbox 695 3909 752 3960; x_wconf 84' lang='lat'>683.</span> <span class='ocrx_word' id='word_1_280' title='bbox 786 3902 865 3958; x_wconf 90' lang='lat' dir='ltr'>Alius</span> <span class='ocrx_word' id='word_1_281' title='bbox 886 3921 913 3972; x_wconf 88' lang='lat' dir='ltr'>p.</span> <span class='ocrx_word' id='word_1_282' title='bbox 931 3906 989 3958; x_wconf 81' lang='grc'><strong>692.</strong></span> <span class='ocrx_word' id='word_1_283' title='bbox 1023 3898 1171 3954; x_wconf 84' lang='lat' dir='ltr'>Diomedes</span> <span class='ocrx_word' id='word_1_284' title='bbox 1194 3899 1231 3954; x_wconf 90' lang='lat' dir='ltr'>ib.</span> <span class='ocrx_word' id='word_1_285' title='bbox 1254 3903 1311 3955; x_wconf 80' lang='lat'>780.</span> 
     </span>
     <span class='ocr_line' id='line_1_33' title="bbox 144 3983 1312 4060; baseline -0.002 -21"><span class='ocrx_word' id='word_1_286' title='bbox 144 3983 183 4042; x_wconf 83' lang='lat' dir='ltr'>cf.</span> <span class='ocrx_word' id='word_1_287' title='bbox 201 3985 286 4056; x_wconf 81' lang='lat' dir='ltr'>Apul.</span> <span class='ocrx_word' id='word_1_288' title='bbox 304 3986 339 4043; x_wconf 89' lang='lat' dir='ltr'>de</span> <span class='ocrx_word' id='word_1_289' title='bbox 356 3991 425 4044; x_wconf 83' lang='lat' dir='ltr'>nota</span> <span class='ocrx_word' id='word_1_290' title='bbox 441 3988 618 4060; x_wconf 76' lang='lat' dir='ltr'>aspirationis</span> <span class='ocrx_word' id='word_1_291' title='bbox 635 3992 651 4060; x_wconf 63' lang='grc' dir='ltr'><strong>ξ</strong></span> <span class='ocrx_word' id='word_1_292' title='bbox 669 3993 710 4045; x_wconf 79' lang='grc'>39.</span> <span class='ocrx_word' id='word_1_293' title='bbox 728 4019 761 4031; x_wconf 93' lang='lat'>—-</span> <span class='ocrx_word' id='word_1_294' title='bbox 783 3985 1022 4043; x_wconf 74' lang='lat' dir='ltr'>semicircularem</span> <span class='ocrx_word' id='word_1_295' title='bbox 1038 3983 1060 4038; x_wconf 94' lang='lat' dir='ltr'>ii</span> <span class='ocrx_word' id='word_1_296' title='bbox 1078 3983 1127 4052; x_wconf 90' lang='lat' dir='ltr'>qui</span> <span class='ocrx_word' id='word_1_297' title='bbox 1144 3983 1312 4053; x_wconf 88' lang='lat' dir='ltr'>seripserunt</span> 
     </span>
     <span class='ocr_line' id='line_1_34' title="bbox 145 4069 1326 4144; baseline -0.002 -20"><span class='ocrx_word' id='word_1_298' title='bbox 145 4087 216 4139; x_wconf 84' lang='lat' dir='ltr'>quae</span> <span class='ocrx_word' id='word_1_299' title='bbox 234 4071 312 4128; x_wconf 79' lang='lat' dir='ltr'>edita</span> <span class='ocrx_word' id='word_1_300' title='bbox 328 4076 393 4128; x_wconf 88' lang='lat' dir='ltr'>sunt</span> <span class='ocrx_word' id='word_1_301' title='bbox 409 4073 507 4130; x_wconf 86' lang='lat' dir='ltr'>Arcad.</span> <span class='ocrx_word' id='word_1_302' title='bbox 525 4093 552 4144; x_wconf 89' lang='lat' dir='ltr'>p.</span> <span class='ocrx_word' id='word_1_303' title='bbox 573 4078 629 4131; x_wconf 88' lang='lat'>188.</span> <span class='ocrx_word' id='word_1_304' title='bbox 648 4078 705 4129; x_wconf 86' lang='grc'><strong>101.</strong></span> <span class='ocrx_word' id='word_1_305' title='bbox 737 4073 790 4142; x_wconf 80' lang='lat' dir='ltr'>(cf.</span> <span class='ocrx_word' id='word_1_306' title='bbox 807 4071 947 4127; x_wconf 82' lang='lat' dir='ltr'>Mazocch.</span> <span class='ocrx_word' id='word_1_307' title='bbox 966 4070 996 4127; x_wconf 84' lang='lat' dir='ltr'>T.</span> <span class='ocrx_word' id='word_1_308' title='bbox 1013 4069 1047 4127; x_wconf 91' lang='lat' dir='ltr'>H.</span> <span class='ocrx_word' id='word_1_309' title='bbox 1067 4073 1115 4124; x_wconf 79' lang='lat'>127</span> <span class='ocrx_word' id='word_1_310' title='bbox 1132 4071 1190 4123; x_wconf 91' lang='lat' dir='ltr'>not.</span> <span class='ocrx_word' id='word_1_311' title='bbox 1212 4069 1261 4136; x_wconf 90' lang='grc'><strong>14.)</strong></span> <span class='ocrx_word' id='word_1_312' title='bbox 1277 4097 1326 4143; x_wconf 50' lang='grc' dir='ltr'>-χ</span> 
     </span>
     <span class='ocr_line' id='line_1_35' title="bbox 145 4152 1311 4220; baseline -0.001 -13"><span class='ocrx_word' id='word_1_313' title='bbox 145 4153 188 4208; x_wconf 90' lang='lat' dir='ltr'>Illi</span> <span class='ocrx_word' id='word_1_314' title='bbox 206 4154 290 4210; x_wconf 90' lang='lat' dir='ltr'>simul</span> <span class='ocrx_word' id='word_1_315' title='bbox 306 4156 380 4212; x_wconf 89' lang='lat' dir='ltr'>hanc</span> <span class='ocrx_word' id='word_1_316' title='bbox 396 4157 515 4215; x_wconf 81' lang='lat' dir='ltr'>formam</span> <span class='ocrx_word' id='word_1_317' title='bbox 532 4158 641 4213; x_wconf 88' lang='lat' dir='ltr'>habent</span> <span class='ocrx_word' id='word_1_318' title='bbox 658 4157 826 4214; x_wconf 83' lang='lat' dir='ltr'>circumflexi</span> <span class='ocrx_word' id='word_1_319' title='bbox 838 4160 872 4220; x_wconf 89' lang='grc' dir='ltr'>Λ,</span> <span class='ocrx_word' id='word_1_320' title='bbox 890 4154 921 4209; x_wconf 92' lang='lat' dir='ltr'>hi</span> <span class='ocrx_word' id='word_1_321' title='bbox 938 4155 1057 4210; x_wconf 85' lang='lat' dir='ltr'>alteram</span> <span class='ocrx_word' id='word_1_322' title='bbox 1074 4153 1155 4208; x_wconf 90' lang='lat' dir='ltr'>nobis</span> <span class='ocrx_word' id='word_1_323' title='bbox 1171 4152 1311 4207; x_wconf 88' lang='lat' dir='ltr'>usitatam.</span> 
     </span>
     <span class='ocr_line' id='line_1_36' title="bbox 211 4235 1311 4310; baseline -0.005 -16"><span class='ocrx_word' id='word_1_324' title='bbox 211 4240 250 4284; x_wconf 72' lang='lat'>22⁶</span> <span class='ocrx_word' id='word_1_325' title='bbox 266 4238 415 4310; x_wconf 75' lang='lat' dir='ltr'>Lysaniam</span> <span class='ocrx_word' id='word_1_326' title='bbox 435 4241 586 4297; x_wconf 89' lang='lat' dir='ltr'>lectionem</span> <span class='ocrx_word' id='word_1_327' title='bbox 602 4237 835 4300; x_wconf 78' lang='grc' dir='ltr'><strong><em>ὖαοακταίνοντο</em></strong></span> <span class='ocrx_word' id='word_1_328' title='bbox 853 4241 919 4295; x_wconf 90' lang='lat' dir='ltr'>ante</span> <span class='ocrx_word' id='word_1_329' title='bbox 937 4239 1030 4296; x_wconf 88' lang='lat' dir='ltr'>oculos</span> <span class='ocrx_word' id='word_1_330' title='bbox 1047 4237 1175 4294; x_wconf 87' lang='lat' dir='ltr'>habuisse</span> <span class='ocrx_word' id='word_1_331' title='bbox 1194 4235 1311 4305; x_wconf 88' lang='lat' dir='ltr'>suspica·</span> 
     </span>
    </p>

    <p class='ocr_par' dir='ltr' id='par_1_7' title="bbox 145 4322 1105 4547">
     <span class='ocr_line' id='line_1_37' title="bbox 145 4322 638 4397; baseline 0.004 -18"><span class='ocrx_word' id='word_1_332' title='bbox 145 4326 192 4379; x_wconf 85' lang='lat' dir='ltr'>tur</span> <span class='ocrx_word' id='word_1_333' title='bbox 207 4322 391 4385; x_wconf 82' lang='lat' dir='ltr'>Ruhnkenius</span> <span class='ocrx_word' id='word_1_334' title='bbox 410 4327 447 4381; x_wconf 87' lang='lat' dir='ltr'>ad</span> <span class='ocrx_word' id='word_1_335' title='bbox 465 4325 535 4383; x_wconf 81' lang='lat' dir='ltr'>&#39;lim</span> <span class='ocrx_word' id='word_1_336' title='bbox 552 4344 579 4397; x_wconf 89' lang='lat' dir='ltr'>p.</span> <span class='ocrx_word' id='word_1_337' title='bbox 598 4331 638 4382; x_wconf 83' lang='lat'>21.</span> 
     </span>
     <span class='ocr_line' id='line_1_38' title="bbox 209 4408 710 4482; baseline 0.002 -15"><span class='ocrx_word' id='word_1_338' title='bbox 209 4411 267 4454; x_wconf 72' lang='lat'>²2⁶⁸</span> <span class='ocrx_word' id='word_1_339' title='bbox 285 4409 354 4482; x_wconf 83' lang='lat' dir='ltr'>(Sed</span> <span class='ocrx_word' id='word_1_340' title='bbox 372 4408 541 4478; x_wconf 66' lang='lat' dir='ltr'>crebriori,</span> <span class='ocrx_word' id='word_1_341' title='bbox 559 4426 617 4467; x_wconf 89' lang='lat' dir='ltr'>non</span> <span class='ocrx_word' id='word_1_342' title='bbox 635 4411 652 4468; x_wconf 85' lang='grc' dir='ltr'><strong><em>δ</em></strong></span> <span class='ocrx_word' id='word_1_343' title='bbox 672 4413 710 4482; x_wconf 77' lang='grc' dir='ltr'>δ.)</span> 
     </span>
     <span class='ocr_line' id='line_1_39' title="bbox 229 4493 1105 4547; baseline -0.003 3"><span class='ocrx_word' id='word_1_344' title='bbox 229 4510 235 4518; x_wconf 85' lang='grc'><em>“</em></span> <span class='ocrx_word' id='word_1_345' title='bbox 1054 4493 1105 4547; x_wconf 78' lang='lat'>20*</span> 
     </span>
    </p>
   </div>
   <div class='ocr_carea' id='block_1_6' title="bbox 0 0 1522 4980">
    <p class='ocr_par' dir='ltr' id='par_1_8' title="bbox 0 0 1522 4980">
     <span class='ocr_line' id='line_1_40' title="bbox 0 0 1522 4980; baseline 0 0"><span class='ocrx_word' id='word_1_346' title='bbox 0 0 1522 4980; x_wconf 95' lang='lat' dir='ltr'> </span> 
     </span>
    </p>
   </div>
  </div>
 </body>
</html>
