3008 4980
605 331 627 382 ³·
652 324 744 397 νέεω,
761 325 831 400 ἅνω·
1240 335 1299 398 137

134 519 188 561 rus
216 517 255 560 ex
283 495 377 560 bonis
403 496 619 562 monumentis
647 495 747 561 edidit
771 518 830 581 pro
861 491 920 576 ἐνί,
947 498 1033 582 quod
1060 497 1208 581 equidem
1234 518 1300 561 non

136 603 248 668 dubito
275 605 352 688 quin
377 607 462 669 10010
488 602 608 669 fecerit.
649 597 860 685 Aoydvecouv
886 627 925 670 ex
951 605 1114 691 epicorum
1139 603 1299 684 more„in

135 715 256 777 utero“.

600 859 829 874 —b—-——--—n

591 1039 710 1129 Φέρω.
736 1037 849 1129 ’Ἅγια

217 1193 312 1260 Hunc
339 1191 447 1260 locum
475 1217 542 1261 non
569 1196 698 1264 extrico.
742 1200 777 1258 N
801 1200 861 1262 213
890 1187 926 1280 (ἡ
952 1191 1070 1279 διπλῆ)
1097 1187 1148 1258 ὅτι
1175 1187 1302 1257 ἔνεικαν

136 1296 263 1388 εἴρηκεν
288 1293 334 1376 ὡς
357 1297 604 1383 βασταζομὲνοο
632 1296 733 1369 αὐτοῦ
758 1304 810 1387 (10
831 1302 987 1368 Diomede
1008 1301 1174 1367 vulnerato
1197 1324 1301 1368 sermo

136 1413 197 1492 est)
220 1404 277 1473 διὰ
298 1403 335 1474 τὸ
357 1409 496 1490 τραῦμα.
523 1409 609 1476 Hinc
630 1412 779 1498 intelligo
800 1410 864 1477 hoc
885 1408 1024 1476 voluisse
1046 1409 1200 1476 interesse
1218 1410 1304 1474 inter

135 1514 228 1604 φέρω
249 1520 283 1584 01
303 1508 381 1599 dyo,
402 1520 439 1583 ut
460 1511 574 1604 φέρειν
596 1519 737 1586 dicamus
760 1519 788 1586 si
809 1518 887 1604 quid
900 1516 963 1602 ipsi
978 1516 1120 1582 humeris
1136 1516 1185 1581 vel
1199 1515 1303 1581 mani-

134 1629 195 1692 bus
219 1624 337 1691 nostris
358 1623 499 1706 ferimus,
522 1631 633 1693 contra
655 1619 755 1711 δίνειν.
791 1625 885 1704 Quod
905 1625 987 1690 bene
1010 1624 1131 1691 dictum
1153 1627 1186 1690 et
1204 1622 1303 1711 longe

134 1734 241 1800 verius
263 1755 360 1818 quam
385 1732 419 1798 id
445 1733 533 1818 quod
554 1734 667 1801 deinde
691 1734 836 1821 plerique
858 1733 961 1800 secuti
978 1732 1128 1798 videntur
1149 1732 1304 1813 (obruunt

134 1843 197 1908 hoc
218 1840 417 1908 inculcantes
430 1842 642 1926 grammatici)
663 1842 839 1907 animantia
854 1841 936 1922 duci,
955 1839 1166 1905 inanimantia
1179 1839 1303 1907 ferrill.

136 1949 235 2028 Quasi
257 1947 312 2033 qui
332 1947 486 2016 vehiculis
509 1953 542 2015 et
561 1949 686 2016 feretris
709 1954 880 2039 argentum
900 1949 1114 2035 praedamque
1133 1947 1221 2012 ducit
1235 1969 1301 2012 non
1320 1955 1368 2006 138

136 2058 239 2123 dicere
261 2056 364 2143 possit
386 2053 505 2139 χρυσὸν
528 2050 596 2141 dyo
624 2061 657 2123 et
677 2057 803 2124 similia.
844 2056 930 2123 Hinc
950 2056 1115 2143 intelligo,
1140 2077 1206 2121 non
1227 2038 1300 2122 Ari·
1313 2055 1384 2127 (143)

135 2165 251 2232 stonici
278 2187 346 2230 esse
374 2164 470 2231 schol.
510 2167 540 2228 P
560 2170 617 2234 163
640 2159 692 2230 δτι
720 2162 777 2230 ἐπὶ
798 2157 936 2255 ἀψύχων
956 2161 993 2229 τδ
1017 2156 1198 2248 άνοίμεθα.
1240 2162 1304 2230 Sed

135 2273 312 2339 Aristonici
334 2276 428 2338 erunt
448 2272 543 2338 haec:
563 2273 604 2338 ad
623 2275 728 2341 ‘11512
751 2272 837 2338 δῶκε
860 2265 891 2337 δ’
909 2265 1001 2357 dyeia
1022 2263 1190 2356 ἑτάροισιν
1204 2265 1303 2354 ὑπερ-

136 2375 279 2463 δάμοισι
305 2382 442 2464 γυναῖκα
467 2377 525 2445 καί
552 2373 685 2465 τρίποδ’
708 2372 858 2446 ὠτώεντα
886 2376 1019 2469 φέρεινε
1044 2376 1129 2465 πρὸς
1148 2376 1210 2465 τὴν
1232 2377 1304 2443 δια-

137 2484 244 2577 φορὰν
264 2490 323 2553 τοῦ
345 2481 437 2572 άνειν
458 2483 515 2553 καί
536 2483 661 2577 φέρειν.
689 2487 772 2555 Item
792 2489 912 2559 111263
935 2483 1091 2555 ἱππεῦσιν
1110 2483 1171 2571 μὲν
1189 2489 1304 2572 πρῶτα

136 2589 324 2662 ποδώκεσιν
350 2586 444 2680 ἀγλά’
471 2588 582 2660 dedda
605 2597 692 2682 θῆκε
713 2599 850 2680 γυναῖκα
878 2590 1037 2680 άγεσθαι,
1062 2589 1216 2679 ἀμύμονα
1237 2586 1307 2679 ἔργ”

136 2698 271 2784 εἰδυῖαν,
300 2699 357 2769 καὶ
376 2697 510 2788 τρίποδ’
533 2694 700 2769 άτάενταε
725 2699 778 2770 ὅτι
798 2700 1061 2784 σονεκδίξασθαι
1083 2702 1135 2769 δεῖ
1153 2706 1200 2788 τῷ
1222 2699 1305 2782 ,mai

135 2805 270 2896 τρίποδ’
293 2805 474 2877 ’ὠτάεντάί
503 2809 540 2878 τὸ
572 2807 754 2901 φέρεσθαι·
783 2805 949 2899 ἀκριβὴς
983 2809 1053 2896 γὰρ
1084 2807 1102 2877 ὃ
1135 2807 1304 2897 ποιητὴς

136 2915 229 3006 περὶ
256 2915 303 2984 τὰ
332 2911 428 2985 ἀκτὰ
455 2915 520 2985 καί
546 2914 711 3007 φορητά.
753 2921 901 3006 Denique
923 2921 955 2985 Ω
981 2926 1040 2990 367
1064 2920 1102 2986 de
1122 2919 1251 2986 Priamo
1273 2911 1309 2983 εί

135 3022 185 3106 τίς
205 3051 242 3094 σε
264 3020 374 3093 ἴδοιτο
392 3056 432 3079 ’-
445 3021 583 3093 τοσσάδ’
601 3020 720 3095 ὀνείατ’
745 3021 882 3113 άγονταε
904 3023 957 3095 ὅτι
978 3020 1101 3111 δίγοντα
1122 3019 1249 3114 εἴρηκεν
1265 3019 1302 3091 οὐ

138 3132 298 3226 φέροντα·
320 3127 357 3201 οὗ
381 3131 443 3220 γὰρ
465 3128 565 3213 αὐτὸς
586 3130 773 3220 ἐβάσταζεν.
803 3136 892 3204 Haec
912 3138 996 3203 bene
1018 3137 1173 3221 quadrare
1194 3136 1305 3202 viden-

136 3251 202 3326 tur,
227 3245 323 3310 modo
350 3266 390 3309 ne
417 3266 546 3311 necesse
574 3249 659 3311 00001
684 3246 811 3312 0101010
832 3244 1012 3311 Aristarchi
1034 3245 1212 3311 doctrinam
1234 3243 1305 3328 qui·

136 3353 272 3420 busdam
297 3352 416 3418 finibus
444 3352 717 3437 circumscriptam
744 3352 856 3431 101000,
884 3375 965 3437 quos
987 3352 1039 3419 vel
1060 3353 1210 3437 migravit
1231 3350 1305 3417 Ari·

137 3462 280 3528 stonicus
301 3461 351 3526 vel
373 3480 433 3545 ego
454 3483 521 3525 non
542 3459 645 3525 vidae.
684 3459 815 3526 Etenim
836 3481 887 3525 res
908 3482 974 3526 non
995 3482 1070 3526 vera
1092 3463 1149 3539 001,
1170 3480 1230 3525 nec
1250 3482 1306 3525 ve-

137 3592 205 3635 ram
234 3591 303 3635 0000
332 3571 402 3632 tam
426 3567 583 3652 expressis
611 3572 752 3653 tamque
768 3567 880 3632 vicinis
902 3568 1055 3653 exemplis
1075 3569 1244 3653 probatur,
1269 3569 1308 3631 ut

136 3676 359 3743 Aristarchum
394 3675 422 3740 si
455 3675 629 3761 quidquam
662 3675 696 3740 in
731 3674 794 3740 hoc
828 3697 946 3761 genere
973 3675 1035 3741 hoc
1060 3678 1169 3742 tamen
1193 3674 1306 3760 fugere

136 3807 203 3850 non
225 3783 376 3869 potuerit.
411 3783 442 3846 Ω
465 3789 525 3851 502
546 3781 693 3848 Priamus
713 3781 833 3848 Achilli
861 3784 950 3850 dicit:
973 3779 1063 3870 φέρω
1087 3775 1118 3848 δ’
1143 3774 1303 3867 ἀπερείσι’

138 3885 274 3958 άποινα.
318 3913 344 3978 φ
367 3898 426 3960 196
447 3884 506 3955 καί
529 3912 580 3966 τις
600 3886 684 3967 θεὸς
705 3883 804 3957 αι’·τόν
830 3885 962 3958 ἐνείκοι.
1005 3898 1064 3960 201
1088 3884 1210 3976 ἀγάγοι
1231 3884 1269 3955 δέ
1290 3884 1307 3954 ἓ

138 3992 277 4082 δαίμων.

205 4186 230 4227 ⁷⁹
246 4183 329 4238 Hune
340 4199 474 4238 canonem
486 4179 600 4250 migrari
611 4181 706 4236 multis
723 4184 870 4252 poetarum
887 4182 1021 4254 exemplis
1038 4182 1161 4238 ostendit
1170 4181 1306 4238 Schrader

138 4268 175 4325 ad
192 4268 262 4324 Mus.
279 4287 307 4338 p.
329 4273 384 4324 128.
411 4265 491 4332 Quod
508 4265 555 4322 vix
572 4283 674 4337 operae
692 4265 813 4354 pretium
830 4270 897 4324 0101.

607 4457 837 4467 .-...---.
