3008 4980
495 329 518 378 2.
542 284 583 383 Ile
601 323 796 380 constituenda
812 325 959 384 lectione·
1243 337 1303 398 345

134 491 295 577 tiquitatis
312 490 388 557 dicit
405 514 515 560 verum
534 516 602 558 esse
622 493 711 559 nullo
733 495 829 559 modo
851 495 931 560 mihi
951 518 1084 580 possum
1105 498 1304 582 persuadere.

133 599 266 666 Invenio
290 600 375 664 enim
395 601 480 686 apud
499 601 735 667 Alexandrinos
756 603 908 688 ipsosque
930 603 1079 668 meliores
1100 603 1306 688 Byzantinos,

134 708 265 773 invenio
289 707 374 791 apud
396 706 534 773 Graecos
555 709 784 794 Romanosque
806 712 1034 796 grammaticos
1055 733 1215 775 summurn
1237 715 1305 776 stu-

135 816 223 881 dium
245 815 390 880 codicum
414 838 489 881 mss.
533 816 605 882 Hoc
632 817 718 882 nube
740 817 959 902 exemplorum
980 819 1134 904 probabo
1173 817 1306 884 Initium

135 923 259 1008 capiam
287 945 306 986 a
330 922 465 1005 Latinis,
493 924 549 1009 qui
578 946 650 988 cum
681 929 782 990 artem
808 926 848 990 ab
876 926 1004 992 Craecis
1032 926 1216 1002 didicerint,
1246 949 1304 1011 pro

133 1031 197 1098 illis
220 1029 316 1095 simul
337 1034 436 1096 testes
466 1032 557 1096 citari
577 1037 728 1116 possunt;
763 1034 836 1098 dein
859 1033 980 1099 Craeca
1006 1034 1129 1099 addam.
1171 1033 1224 1100 Sic
1244 1034 1305 1100 La-

134 1139 221 1206 tinos
240 1137 420 1204 invenimus
443 1160 568 1205 summo
591 1141 698 1207 studio
721 1142 899 1226 providisse
921 1145 959 1206 ut
973 1141 1145 1221 Ciceronis,
1167 1140 1306 1226 Virgilii,

134 1247 272 1314 aliorum
298 1245 491 1331 exemplaria
518 1247 741 1332 antiquissima
769 1251 801 1313 et
828 1249 855 1314 si
882 1249 951 1315 fieri
972 1253 1083 1335 posset
1104 1249 1306 1334 autographa

135 1354 362 1439 conquirerent
383 1357 416 1420 et
437 1356 487 1437 (ut
507 1356 671 1443 intelligas
691 1378 757 1421 non
778 1378 878 1421 vanae
896 1356 1040 1422 luxuriae
1061 1357 1112 1422 vel
1133 1357 1304 1423 iactantiae

135 1485 231 1527 causa
251 1461 371 1528 factum
393 1465 474 1546 esse)
504 1464 544 1527 ad
572 1486 623 1529 res
651 1465 876 1550 grammaticas
898 1464 1111 1530 enucleandas
1134 1464 1306 1550 diligenter

135 1570 329 1637 adhibuisse.
367 1570 466 1638 Cicer.
484 1593 529 1637 or.
545 1577 585 1640 48
601 1572 637 1657 (ἓ
655 1572 729 1656 160>
750 1572 906 1652 „Burrum
928 1595 1054 1657 semper
1067 1572 1203 1656 Ennius,
1224 1594 1305 1637 nun·

135 1701 232 1763 quam
253 1677 420 1764 Pyrrhum.
457 1678 500 1745 Vi
519 1678 741 1763 patefecerunt
760 1677 895 1766 Bruges,
917 1703 983 1746 non
1002 1679 1161 1766 Phryges:
1181 1679 1304 1764 ipsius

134 1787 286 1872 antiqui
313 1787 515 1852 declarant
542 1786 659 1852 libri“.
703 1786 836 1865 Quintil.
858 1785 873 1851 I
896 1794 914 1853 7
941 1787 976 1872 <§
998 1786 1054 1870 20>
1082 1810 1113 1871 p.
1134 1792 1173 1856 89
1193 1783 1387 1854 Burman)

134 1894 238 1974 „Quid
260 1895 347 1978 quod
362 1893 524 1960 Ciceronis
546 1894 745 1979 temporibus
766 1895 962 1980 paulumque
984 1893 1067 1958 infra
1088 1893 1154 1960 fere
1177 1894 1305 1978 quoties

135 2025 150 2068 s
177 2001 286 2067 httera
316 2002 421 2068 media
447 2002 605 2068 vocalium
635 2002 807 2088 longarum
833 2002 884 2067 vel
914 2002 1059 2067 subiecta
1084 2002 1192 2089 longis
1222 2006 1306 2068 essct
1355 2052 1357 2057 -

134 2111 379 2197 geminabatur?
400 2114 437 2175 ut
452 2132 590 2191 caussae,
609 2132 726 2192 cassus,
749 2109 947 2194 divissiones,
968 2111 1130 2194 quomodo
1151 2114 1183 2175 et
1196 2111 1303 2194 ipsum
1322 2116 1368 2166 351

136 2217 346 2301 (Ciceronem)
363 2220 396 2282 et
409 2216 584 2303 Virgilium
599 2240 729 2304 quoque
744 2219 908 2304 scripsisse
930 2241 1064 2283 manus
1087 2240 1218 2284 eorum
1241 2219 1305 2284 do·

136 2328 246 2391 cent“.
281 2323 326 2390 Id.
340 2325 384 2392 ib.
401 2326 435 2411 (ξ
451 2325 507 2410 22>
529 2349 558 2409 p.
572 2332 613 2393 90
635 2329 685 2406 „at
706 2330 850 2392 veterum
872 2326 1067 2391 comicorum
1089 2327 1192 2391 adhuc
1214 2326 1305 2391 libris

136 2433 264 2498 invenio
293 2433 363 2498 heri
389 2433 429 2498 ad
456 2455 507 2498 me
539 2433 642 2498 venit“
668 2436 721 2516 (sc.
743 2457 810 2499 non
831 2434 931 2516 here).
971 2433 1053 2499 Item
1075 2434 1217 2521 Augusti
1238 2433 1305 2518 epi·

136 2539 228 2604 stolis
256 2563 353 2624 „quas
380 2562 439 2606 sua
463 2562 560 2606 manu
587 2541 715 2626 scripsit
743 2546 800 2607 aut
825 2543 1024 2608 emendavit‘
1052 2546 1084 2607 et
1111 2542 1145 2605 in
1174 2540 1305 2607 Catonis

136 2647 344 2733 autographis
366 2648 481 2714 nititur
503 2648 636 2732 (ib.)²⁴9.
659 2687 698 2696 -
722 2648 802 2715 Cell.
826 2647 842 2713 I
865 2657 882 2716 7
905 2648 959 2727 „In
982 2650 1126 2715 oratione
1142 2649 1306 2715 Ciceronis

136 2757 250 2840 quinta
270 2756 305 2820 in
324 2756 459 2821 Verrem
479 2757 514 2821 in
534 2756 617 2822 libro
640 2760 803 2843 spectatae
824 2757 900 2822 fidei
915 2756 1090 2824 Tironiana
1111 2778 1186 2821 cura
1208 2758 1305 2839 atque

136 2862 305 2948 disciplina
330 2863 416 2930 facto
444 2864 597 2949 scriptum
623 2864 713 2931 suite.
752 2863 828 2930 XIII
849 2870 890 2932 20
919 2865 1016 2950 <215
1041 2865 1093 2950 16>
1115 2863 1304 2944 „Manifesto

134 2975 277 3056 peccatu,
298 2994 364 3037 non
378 2975 524 3056 peccat03
544 2973 607 3038 hoc
629 2974 716 3038 enim
737 2972 892 3058 scriptum
910 2972 944 3037 in
959 2995 1025 3037 uno
1044 2976 1141 3057 atque
1156 2972 1190 3036 in
1205 2971 1305 3036 altero

135 3079 378 3164 antiquissimae
392 3080 468 3146 fidei
488 3081 571 3147 libro
587 3080 763 3147 Tironiano
784 3081 937 3166 repperi‘.
973 3079 1042 3147 121
1065 3079 1204 3163 „Versus
1225 3080 1306 3145 istos

135 3209 175 3254 ex
198 3185 364 3272 Georgicis
385 3187 516 3274 Virgilii
536 3188 683 3274 plerique
706 3210 818 3255 omnes
840 3187 886 3253 sic
906 3187 1022 3274 legunt

322 3294 368 3359 At
388 3317 483 3379 sapor
503 3296 657 3361 indicium
679 3295 776 3362 faciet
797 3296 987 3362 manifestus
1010 3298 1042 3360 et
1064 3318 1120 3361 ora

322 3400 441 3467 Tristia
462 3407 647 3469 tentantum
667 3426 764 3470 sensu
784 3404 951 3489 torquebit
971 3426 1089 3469 amaro.

133 3509 284 3595 Hyginus
300 3513 416 3590 autem,
437 3533 503 3576 uon
524 3510 632 3577 hercle
654 3512 808 3599 ignobilis
830 3511 1067 3598 grammaticus,
1088 3511 1122 3575 in
1145 3533 1306 3576 commen·

134 3617 233 3700 tariis,
256 3639 337 3702 quae
359 3617 393 3682 in
408 3617 582 3704 Virgilium
603 3618 688 3697 fecit,
712 3620 880 3685 confirmat
900 3623 932 3685 et
952 3623 1136 3704 perseverat
1157 3642 1223 3684 non
1243 3619 1307 3684 hoc

133 3749 153 3789 a
167 3723 307 3810 Virgilio
329 3726 485 3802 relictum,
508 3727 565 3791 sed
587 3728 674 3812 quod
696 3728 765 3812 ipse
787 3727 946 3792 invenerit
965 3729 999 3792 in
1020 3727 1113 3806 libro,
1132 3727 1188 3811 qui
1209 3727 1308 3792 fuerit

135 3856 174 3898 ex
196 3833 297 3899 domo
314 3836 411 3919 atque
432 3833 554 3899 familia
568 3834 707 3921 Virgilii,
722 3873 762 3882 -
778 3841 930 3901 amaror“.
965 3834 1029 3902 113
1053 3835 1135 3916 „Sed
1155 3835 1308 3920 quoniam

134 3941 231 4005 aheni
261 3962 389 4025 quoque
412 3942 557 4027 exemplo
584 3943 635 4007 usi
658 3965 783 4020 sumus,
814 3943 902 4008 venit
928 3943 1023 4010 uobis
1050 3943 1084 4007 in
1112 3944 1309 4022 memoriam,

133 4047 251 4114 Fidum
267 4050 430 4134 Optatum,
451 4049 547 4115 multi
561 4051 701 4115 nominis
715 4050 838 4116 Romae
856 4051 1111 4136 grammaticum,
1130 4051 1307 4117 ostendisse

200 4217 239 4259 24⁹
259 4216 299 4271 cf.
316 4215 387 4272 Plin.
405 4214 469 4272 hist.
488 4219 545 4273 nat.
563 4215 632 4270 XIII
650 4221 695 4280 263
712 4220 862 4287 postquam
880 4216 1110 4273 commemoravit
1121 4217 1226 4271 Tiberii
1238 4214 1307 4270 Caii·

134 4317 188 4368 que
210 4299 398 4356 Gracchorum
424 4317 524 4354 manus
546 4317 575 4355 se
597 4300 698 4356 vidisse
719 4302 811 4356 addIt:
843 4303 917 4370 „iam
940 4320 1006 4357 vero
1029 4300 1168 4357 Ciceronis
1191 4303 1220 4355 et
1242 4299 1306 4353 Divi

132 4385 253 4456 Augusti
273 4384 436 4458 virgiliique
452 4401 653 4456 saepenumero
671 4386 822 4444 videmur
