3046 4980
225 316 284 379 312
675 301 722 356 1v.
745 301 786 357 De
804 301 940 371 prosodia

309 478 376 560 §3.
419 473 591 541 Maximam
619 474 743 557 partem
763 471 1009 538 Homericorum
1041 474 1257 559 exemplorum
1284 457 1392 543 absolss

144 589 214 661 (³29)
226 586 339 651 vimus.
376 582 476 648 Extra
494 580 684 646 Homericos
710 601 840 665 quoque
861 579 1021 646 cancellos
1041 580 1127 645 idem
1148 581 1183 649 in
1203 582 1317 648 mediis
1333 606 1392 650 vo·

225 692 347 759 rabulis
376 712 453 755 usus
483 689 710 775 grammaticus
739 688 956 773 aspirationis,
986 688 1116 753 eaedem
1143 691 1348 774 quaestiones
1375 715 1393 757 a

226 800 328 866 doctis
352 798 484 883 linguae
507 797 645 864 Graecae
669 796 959 883 perscrutatoribus
985 795 1173 863 celebratae.
1222 798 1275 865 Sic
1297 798 1393 865 Gale-

225 930 286 974 nus
318 906 356 971 de
381 906 721 991 νον1οστενογριῦσαι
749 927 925 989 exponens:
957 906 1129 968 πυκνῶσαι
1156 903 1207 968 δεῖ
1231 902 1273 970 τὰ
1298 903 1392 990 παρὰ

224 1016 285 1080 τοῦ
310 1007 540 1099 προσήκοντος
569 1003 763 1098 εὐροσμένα·
795 1009 849 1078 διὸ
875 1008 933 1077 καὶ
959 1007 1020 1099 τὴν
1045 1007 1199 1095 δευτέραν
1225 1010 1394 1101 συλλαβὴν

108 1128 113 1137 ’
225 1124 284 1188 τοῦ
306 1121 525 1204 στενογραῖσαι
543 1118 739 1210 ψιλοῦντας,
763 1113 802 1185 οὗ
825 1112 1024 1197 δασύνοντες
1045 1112 1271 1204 ἀναγνωστέον
1292 1116 1393 1186 ἐστίν·

225 1335 270 1426 μὴ
302 1328 471 1423 γινώσκων
495 1330 563 1402 ὑπὸ
593 1338 658 1400 τῶν
681 1325 799 1400 Ἰώνων
826 1332 865 1401 τὸ
891 1333 1002 1401 στενὸν
1029 1327 1257 1417 ὀνομάζεσθαι
1286 1359 1417 1403 ocare·-¹

228 1437 304 1527 γρόν
333 1448 458 1528 (comm.
486 1438 517 1526 β’
543 1445 579 1510 in
599 1444 753 1530 Hippocr.
779 1445 881 1509 morb.
907 1442 993 1530 vulg.
1016 1443 1063 1509 VI
1090 1445 1133 1512 in.
1161 1443 1199 1513 Τ.
1226 1444 1257 1511 V
1278 1469 1310 1531 p.
1334 1454 1395 1515 457

227 1554 324 1636 Bas).
347 1589 386 1599 -
407 1552 522 1620 Suidas
542 1553 577 1618 in
598 1545 733 1635 λαρινός
755 1604 762 1619 .
785 1601 820 1619 ..
848 1544 880 1615 oi
903 1546 939 1615 δέ
960 1547 1021 1635 τὴν
1041 1575 1075 1637 ρι
1102 1549 1270 1637 συλλαβὴν
1294 1547 1396 1618 δασύ-

228 1682 353 1738 νουσιν,
385 1659 416 1723 ῗν
415 1650 661 1787 ’ᾗλαρινγύς
674 1655 751 1735 τοὺς
775 1653 1013 1743 μεγαλορίνοος
1039 1659 1090 1743 (cf.
1110 1660 1208 1726 Arist.
1234 1659 1309 1727 Pac.
1333 1667 1394 1730 922

229 1768 416 1851 schol).—-
444 1767 532 1834 Suid.
561 1790 683 1855 εοωριρι
709 1764 835 1855 ψιλῶς,
867 1763 968 1852 τὸμὴ
993 1759 1079 1831 πάνυ
1101 1762 1286 1854 φροντίζειν
1308 1759 1396 1832 ἀλλὰ

229 1866 459 1964 ῥαθυμότερόν
478 1898 552 1969 πως
572 1869 664 1954 ἔχειν.

310 1983 509 2068 Praecipue
500 2006 534 2048 m
547 1984 818 2069 homonymorum
832 2004 869 2048 ac
884 2005 1134 2069 synonymorum
1153 1984 1397 2069 significationi-

229 2094 290 2158 bus
312 2091 510 2176 disparandis
531 2091 662 2176 spiritus
680 2089 763 2155 ratio
786 2091 953 2156 observata
975 2095 1032 2158 est.
1067 2092 1104 2156 E.
1120 2091 1164 2156 M.
1179 2097 1248 2172 406,
1263 2097 1282 2160 8
1297 2101 1398 2179 εψιαε

228 2197 269 2264 τὰ
292 2192 363 2266 ἀπὸ
390 2193 497 2283 λόγων
523 2192 639 2279 ἄγοντα
666 2198 740 2280 (hoc
761 2219 827 2265 voc.
849 2199 941 2264 abest
962 2222 1011 2283 ap.
1034 2198 1122 2265 Suid.
1145 2221 1170 2266 s.
1191 2192 1288 2287 έψια)
1315 2194 1398 2264 παί-

229 2327 318 2393 γνια·
345 2295 418 2373 οἷον
439 2300 524 2372 ἔπεα
544 2300 617 2393 έττη.
653 2303 710 2370 καὶ
731 2301 908 2395 φιλέψιος·
936 2302 1111 2370 δασύνεται
1129 2301 1189 2388 μέν
1212 2303 1398 2393 φιλοπαίγ-

227 2436 311 2498 μοιν·
346 2413 507 2504 ψιλοῖνται
538 2409 575 2479 δέ
605 2407 801 2502 φιλολόγοςε
836 2414 876 2480 ad
907 2437 988 2499 quae
1022 2414 1214 2480 conferenda
1242 2437 1323 2501 quae
1359 2416 1397 2482 de

229 2516 427 2612 ἑψιάασθαι
452 2523 660 2590 commentati
681 2525 769 2602 sunt,
790 2522 824 2586 in
845 2523 957 2608 primis
978 2545 1028 2607 ap
1047 2521 1334 2609 Etymologumt
1300 2547 1398 2610 aqua

229 2631 316 2718 apud
336 2631 428 2697 Eust.
446 2656 478 2718 p.
503 2636 590 2711 1831,
614 2639 641 2699 1.

311 2738 445 2820 Eodem,
466 2739 529 2804 nisi
548 2760 679 2825 prorsus
700 2736 799 2804 falsus
821 2761 901 2820 sum,
922 2739 1001 2805 aliae
1024 2740 1104 2805 duae
1119 2695 1325 2826 pertinebant
1310 2740 1399 2804 t-ob

231 2847 441 2930 servationem
467 2870 553 2913 nunc
582 2847 711 2938 quidem
736 2846 961 2913 miserabiliter
981 2847 1071 2913 laxat
1057 2851 1109 2914 tae
1131 2847 1181 2914 vel
1201 2850 1399 2915 contractae:

229 2956 335 3041 Etym.
358 2955 400 3021 M.
423 2979 454 3041 p.
476 2961 545 3035 227,
561 2962 599 3024 51
622 2949 775 3038 γέρανος·
797 2947 815 3019 ὃ
839 2945 1002 3040 ὄμβρος(
985 2951 1052 3021 vad
1075 2949 1283 3042 Κυρηναίων·
1305 2953 1400 3041 (ταρὰ

230 3059 268 3128 τὸ
290 3060 350 3150 τὴν
376 3063 436 3149 γῆν
464 3055 597 3149 ῥαίνειν.
643 3056 747 3138 οὕτως
764 3053 928 3147 Ἔῤῥένιος
953 3055 1066 3126 Φίλιον
1092 3059 1125 3128 έν
1151 3064 1197 3148 τῷ
1221 3060 1298 3147 περὶ
1320 3087 1399 3151 χρη-

164 3188 213 3240 31⁷
232 3165 430 3253 στομαθίας.
467 3167 548 3257 φησὶ
566 3163 673 3257 δέτὴν
689 3163 842 3252 δευτέραν
857 3167 1069 3235 δασύνεσθαι.
1101 3170 1213 3240 Altera
1228 3178 1278 3239 est
1292 3171 1399 3259 Etym.

231 3278 310 3346 (lud.
339 3302 370 3364 p.
400 3282 472 3358 123,
493 3283 533 3346 38
560 3272 677 3364 γέρροις
708 3269 775 3341 εἴτε
801 3273 842 3341 τὰ
868 3270 1080 3365 σκηνώματα,
1109 3275 1144 3344 έν
1172 3268 1223 3357 οἷς
1249 3276 1290 3344 τὰ
1315 3271 1399 3345 (ἶν’νια

230 3377 472 3471 ἐπιπράσκετο,
502 3376 568 3449 εἴτε
592 3381 634 3450 τὰ
663 3377 842 3469 δερμάτινα
865 3378 996 3465 αἰδοῖα,
1025 3379 1091 3451 εἴτε
1118 3383 1158 3451 τὰ
1185 3379 1398 3475 ὓποδήματα.

235 3487 347 3578 Φίλιον
376 3488 411 3556 έν
436 3494 484 3578 τῷ
510 3489 587 3576 περὶ
604 3487 857 3580 χρηστομαθλας
881 3490 963 3581 φησὶ
985 3488 1022 3559 δὲ
1042 3491 1100 3582 τὴν
1122 3489 1275 3576 δευτέραν
1298 3488 1399 3560 δασέ-

231 3623 307 3665 νειν.
352 3600 414 3666 Hic
434 3600 573 3686 primum
595 3602 741 3667 attendas
762 3624 830 3666 rem
854 3601 948 3668 nobis
971 3625 1040 3669 esse
1062 3624 1135 3668 cum
1155 3603 1320 3669 Herennio
1342 3603 1398 3668 illo

230 3707 367 3773 Philone
388 3708 422 3773 in
445 3709 629 3794 synonymis
652 3709 888 3796 distinguendis
911 3710 1082 3796 diligenter
1102 3714 1244 3787 versat03
1271 3714 1350 3789 tum,
1372 3710 1399 3776 si

230 3837 281 3880 res
302 3817 385 3881 tanti
413 3820 475 3896 est,
509 3816 653 3883 conferas
681 3839 763 3901 quae
792 3817 827 3887 in
847 3816 953 3903 Etym.
976 3816 1123 3884 Gudianc
1150 3819 1189 3884 de
1214 3841 1292 3888 voce
1319 3815 1399 3905 γέρα

231 3922 316 3987 dicta
345 3928 420 3989 sunt
441 3947 521 3990 nere
544 3925 688 4004 dubites,
717 3925 797 3990 haec
822 3924 889 3990 fere
917 3925 955 3990 de
981 3924 1138 3991 vocabulo
1161 3921 1259 4012 γέρρα
1280 3928 1319 3992 ab
1341 3926 1399 3992 illo

230 4035 401 4116 praecepta
419 4032 532 4098 fuisse:
566 4027 645 4119 γέρα
672 4027 707 4097 αἱ
726 4029 822 4115 τιμαὶ
844 4023 886 4096 δι’
909 4026 982 4108 ἑνὸς
1002 4057 1036 4116 ρ,
1060 4029 1153 4119 παρὰ
1174 4031 1212 4099 τὸ
1234 4029 1308 4117 έριό.
1343 4032 1400 4099 καὶ

148 4133 429 4224 (331))ψιλοῦταιῆ
447 4133 594 4222 δευτέρα·
615 4134 713 4227 γέῤῥα
736 4137 781 4227 δὲ,
795 4132 861 4204 εἴτε
880 4137 921 4204 τὰ
943 4133 1400 4226 σκηνώματα-εἷ’τε-εἴτε-

232 4240 290 4308 διὰ
322 4239 381 4310 δύο
409 4270 457 4329 ρρ.
507 4243 564 4311 καὶ
593 4241 614 4331 ἡ
650 4244 786 4331 δευτέρα
819 4247 999 4314 δασύνεται.
1051 4247 1134 4316 Illud
1163 4254 1284 4333 autem,
1314 4253 1401 4336 quod

231 4357 325 4419 antea
353 4355 448 4439 posui
481 4355 519 4420 de
555 4357 711 4423 vocabulo
745 4351 896 4444 γέρανος,
941 4358 986 4423 sic
1017 4358 1084 4425 fere
1114 4358 1269 4444 scriptum
1300 4358 1400 4425 fuisse
1462 4418 1464 4423 .
