3008 4980
553 332 576 385 2.
601 327 642 383 De
659 327 909 400 interaspirationa.
1024 309 1027 313 ,
1251 336 1311 399 317

226 497 246 574 ξ
269 501 297 559 5.
332 493 490 559 Poterunt
513 495 592 561 haec
617 496 721 563 facere
748 496 789 562 ad
808 495 926 562 rectius
947 495 1154 561 iudicandum
1176 497 1214 561 de
1234 519 1310 581 pro-

139 600 355 675 nuntiatione.
396 601 552 680 Bisohoff,
579 605 634 688 qui
659 606 717 684 „de
739 603 869 688 spiritus
889 603 994 687 asperi
1014 604 1049 667 in
1069 602 1184 668 mediis
1204 604 1310 668 verbis

141 707 272 773 Graecis
286 709 516 793 pronuntiandi
529 710 672 775 ratione“
693 733 845 795 quaerere
859 710 1001 776 instituit
1017 711 1051 776 in
1072 713 1309 796 programmate

140 837 227 880 anno
252 820 332 884 1826
354 817 454 897 edito,
487 817 577 900 „inde
604 819 644 882 ah
671 818 903 902 antiquissimis
930 818 1129 903 temporibus
1157 822 1242 883 certe
1269 816 1311 882 ad

141 921 279 988 alterum
301 927 376 1008 post
398 924 469 990 Chr.
491 947 523 992 n.
545 925 709 990 saeculum
730 925 878 1011 spiritum
896 926 931 991 in
950 926 1064 991 mediis
1085 925 1190 990 verbis
1211 924 1309 990 fuisse

140 1030 407 1114 pronunciatum“
435 1032 478 1117 (p.
504 1035 565 1115 10).
584 1033 734 1098 defendit.
776 1033 829 1099 Ad
854 1056 951 1117 quam
975 1055 1043 1098 rem
1070 1036 1198 1117 praeter
1223 1053 1309 1097 oom-

142 1159 257 1203 munes
279 1139 432 1223 quasdam
455 1143 487 1205 et
507 1140 713 1226 pervulgatus
734 1141 876 1206 rationes
897 1140 1142 1225 inscriptionum
1163 1139 1309 1205 testimo-

140 1245 204 1309 niis
235 1249 268 1311 et
299 1245 425 1331 aliquot
455 1249 738 1333 grammaticorum
771 1272 849 1315 usus
880 1253 937 1314 est
990 1248 1035 1312 At
1064 1247 1310 1331 inscriptionum
1392 1296 1395 1302 .

140 1354 317 1419 auotoritas
347 1355 484 1420 vidimus
516 1378 613 1440 quam
644 1357 786 1442 precaria
818 1356 876 1436 sit,
911 1355 1191 1442 grammaticorum
1218 1376 1310 1439 prae·

141 1464 236 1545 cepta
262 1462 302 1526 ad
331 1463 628 1546 pronuntiationem
654 1487 721 1530 non
746 1464 906 1549 pertinere
928 1463 985 1529 scd
1005 1464 1046 1528 ad
1067 1485 1161 1528 usum
1182 1460 1309 1527 scholae

141 1568 222 1633 satis
250 1591 409 1655 superque
435 1571 652 1656 patefecimus.
695 1570 759 1638 Sed
785 1572 812 1637 si
834 1570 1005 1656 quidinde
1028 1569 1175 1635 concludi
1195 1573 1311 1654 potest,
1336 1625 1337 1631 ,

140 1680 250 1761 potest
272 1678 478 1745 eontrarium.
519 1677 605 1745 Nam
626 1679 790 1763 quomodo
817 1681 855 1745 de
876 1677 1033 1744 vocabulo
1059 1670 1232 1754 Φίλιππος
1250 1677 1310 1742 mi·

140 1784 227 1849 nime
239 1774 298 1849 illo
325 1808 364 1851 ex
385 1787 546 1853 communi
568 1809 629 1852 usu
650 1791 774 1853 remoto
794 1787 986 1852 contendere
1000 1788 1184 1871 potuerunt,
1206 1784 1233 1850 si
1254 1785 1310 1851 ad·

141 1891 274 1976 spiratio
296 1894 347 1958 vel
368 1894 500 1959 omnino
521 1894 573 1959 vel
595 1894 673 1960 satis
695 1896 778 1962 clare
808 1895 916 1961 audita
942 1894 1025 1960 fuit?
1053 1893 1098 1959 m
1123 1893 1150 1958 si
1176 1896 1310 1958 conten·

141 1998 261 2064 debant
275 2022 332 2066 cur
346 2002 401 2086 qui
417 2002 565 2087 spiritum
580 2001 795 2069 defendebant
809 2003 847 2068 de
863 2002 1026 2068 communi
1046 2000 1309 2086 pronuntiatione

139 2108 273 2173 verbum
300 2109 475 2176 iniecerant
501 2109 646 2176 nullum?
675 2109 895 2176 Certissimum
919 2110 1032 2194 utique
1060 2112 1157 2193 atque
1183 2109 1390 2180 nutias-(³³6)

140 2237 230 2280 mum
255 2216 381 2282 videtur
406 2221 545 2282 statuere
570 2240 637 2283 non
664 2218 698 2283 in
721 2218 870 2284 omnibus
891 2216 1093 2304 regionibus,
1123 2216 1180 2281 uhi
1198 2215 1310 2302 lingua

140 2322 261 2388 Graeca
282 2325 516 2405 dominaretur,
545 2348 605 2392 nec
631 2327 667 2390 in
692 2327 842 2392 omnibus
867 2325 1032 2393 vocabulis
1052 2324 1138 2390 idem
1159 2323 1308 2390 valuisse:

140 2429 237 2496 sicuti
255 2431 395 2499 Romani
425 2433 630 2518 quantumvis
656 2433 697 2499 ad
723 2434 972 2519 adspirationem
996 2433 1200 2518 promtIores,
1225 2454 1309 2510 nuri·

138 2560 246 2622 quam,
269 2541 393 2625 opinor,
413 2540 606 2625 Philhippus
628 2541 833 2626 scripserunt.
875 2541 1013 2608 Graecos
1034 2539 1147 2606 Italiae
1173 2539 1213 2604 ad
1233 2561 1308 2624 pro·

138 2647 377 2713 nuntiationem
395 2648 525 2732 spiritus
539 2648 636 2733 paulo
657 2649 761 2735 magis
780 2648 960 2729 inclinasse,
982 2671 1021 2714 ex
1041 2648 1082 2713 iis
1104 2668 1186 2732 quae
1207 2646 1306 2731 paulo

102 2791 104 2795 ι
139 2757 215 2819 ante
244 2755 405 2839 disputata
430 2760 506 2822 sunt
531 2756 615 2822 ultro
642 2757 784 2822 nascitur
809 2757 963 2842 suspicio:
996 2754 1078 2820 illud
1099 2754 1236 2820 alterum
1256 2754 1309 2819 vel

141 2884 182 2927 ex
203 2863 412 2928 antecedente
437 2863 532 2929 litera
556 2864 730 2949 pendebat,
758 2864 810 2930 vel
837 2865 924 2949 quod
944 2864 978 2928 in
1001 2862 1192 2947 quibusdam
1212 2884 1306 2928 voca-
1325 2881 1372 2932 322

138 2969 239 3050 bulis,
262 2993 344 3055 quae
365 2975 500 3056 possent
521 2973 700 3057 composita
719 2971 832 3050 videri,
857 2971 1064 3038 commissura
1083 2969 1204 3036 hiabat.
1245 2969 1308 3035 Per

139 3098 173 3141 se
197 3076 284 3143 enim
303 3077 398 3144 facile
419 3080 455 3144 in
477 3080 711 3164 compositione
733 3081 885 3166 aspiratio
907 3078 1047 3145 eliditur:
1080 3079 1121 3143 ad
1143 3076 1230 3161 quod
1250 3078 1307 3142 ad-

137 3185 235 3250 vertit
254 3207 313 3252 nos
334 3185 425 3253 locus
448 3186 578 3271 quidam
598 3188 730 3273 Apuleii
752 3189 790 3254 de
811 3186 1043 3272 orthographia
1064 3186 1083 3270 5
1105 3190 1144 3253 63
1166 3184 1308 3269 ,‚anhelo,

138 3291 277 3373 athalo,
297 3295 382 3359 unde
401 3295 574 3373 descendit,
594 3317 668 3361 cum
689 3297 883 3382 aspiratione
905 3297 1087 3360 annotatur.
1122 3291 1186 3359 Sed
1200 3292 1305 3357 Plinio

105 3429 108 3434 ·
137 3399 172 3463 in
201 3400 435 3484 compositione
466 3403 617 3487 aspiratio
651 3403 840 3470 colliditur‘t
890 3403 973 3470 Mihi
1004 3401 1148 3468 nondum
1181 3404 1308 3465 constat
1438 3408 1442 3419 '

137 3510 246 3572 utrum
261 3501 423 3595 φιλέλλην
438 3509 499 3574 sim
520 3533 561 3575 an
582 3506 752 3598 φιλὲλλην.
788 3511 885 3596 Apud
905 3510 1042 3590 Atticos,
1063 3531 1144 3593 quos
1166 3507 1307 3593 vulgaris

136 3615 252 3680 deinde
277 3614 389 3702 lingua
415 3620 525 3683 secuta
552 3621 614 3699 est,
640 3617 705 3683 iam
730 3622 855 3684 mature
880 3618 986 3684 media
1012 3616 1069 3701 illa
1094 3615 1245 3700 aspiratio
1271 3616 1308 3679 in

135 3722 283 3808 plurimis
303 3723 355 3789 vel
377 3725 506 3789 evanuit
525 3725 576 3790 vel
596 3726 663 3792 fere
686 3725 826 3792 delituit:
855 3725 996 3791 obtinuit
1016 3726 1051 3789 in
1071 3724 1196 3809 paucis,
1224 3717 1310 3808 quae

136 3852 202 3895 non
224 3830 403 3915 composita
429 3832 486 3897 sed
507 3833 655 3918 apposita
677 3836 785 3899 essent
809 3855 869 3898 neo
889 3832 989 3918 longo
1011 3853 1072 3896 usu
1092 3831 1214 3897 latebat
1233 3832 1306 3896 iun-

137 3940 235 4004 ctura.
276 3936 362 4003 Nam
388 3933 477 4003 διὸσι
504 3943 539 4012 et
564 3933 636 4004 εἶσὸ
657 3940 826 4025 Apollonii
848 3939 980 4024 Dyscoh
997 3939 1206 4024 temporibus
1230 3961 1306 4023 pro-

136 4045 320 4111 nuntiatum
333 4045 442 4126 fuisse,
463 4045 683 4130 aliquotmihi
698 4049 766 4114 eius
780 4047 966 4113 testimonia
985 4050 1221 4132 persuaserunt.
1257 4046 1306 4112 De

137 4154 262 4236 syntaxi
281 4176 312 4238 p.
333 4158 402 4233 319,
427 4159 463 4222 19
485 4147 655 4241 πρόδηλον
676 4153 738 4240 γὰρ
760 4147 825 4219 κάκ
845 4157 906 4241 τῆς
925 4147 1085 4241 συνούσης
1106 4149 1242 4230 δασείας
1261 4148 1307 4229 ὡς

137 4252 194 4340 οὐχ
215 4253 251 4324 ἓν
272 4256 403 4326 ἁπλοῦν
423 4257 492 4326 ἔστι
512 4258 551 4325 τὸ
573 4255 671 4328 διότι.
693 4264 731 4328 de
753 4264 835 4332 coni.
854 4285 885 4348 p.
901 4269 971 4345 509,
991 4268 1030 4331 18
1051 4258 1108 4326 καὶ
1129 4259 1231 4347 δῆλον
1253 4255 1305 4324 ὅτι

134 4365 171 4431 τὸ
193 4363 295 4447 dadas,
318 4365 394 4449 iicon
414 4366 474 4455 τὴν
497 4360 599 4454 αὐτὴν
622 4362 863 4450 ἀνταπόδοσιν,
887 4364 952 4451 iicet
973 4364 1160 4454 ἐγκείμενον
1180 4391 1304 4434 πτωτι-
