3008 4980
530 343 554 393 3.
584 332 664 407 ὅμως
680 327 790 408 (ὁμῶς).
820 324 905 392 ὥστε.
1243 341 1300 402 157

132 526 206 569 cum
236 505 276 569 ad
301 526 417 569 novam
443 505 539 569 istam
567 509 692 590 partem
714 505 889 570 canendam
910 503 1059 583 ferretur,
1086 501 1143 566 illa
1163 500 1301 565 formula

132 612 224 697 epica
248 605 334 676 itta
356 650 412 689 -‚
438 635 501 696 qua
531 611 641 697 aliquo
669 617 834 678 momento
864 613 942 696 quid
968 611 1033 674 iam
1058 609 1179 674 factum
1203 607 1301 673 fuerit

132 719 184 784 vel
205 719 354 785 inciderit
376 720 484 805 apicus
511 743 616 787 sermo
638 721 819 807 significare
841 719 979 800 solebat,
1001 721 1034 783 et
1053 717 1123 802 ipse
1143 716 1206 780 hoc
1226 715 1299 780 loco
1331 734 1334 739 ’

132 849 211 892 usus
242 830 303 906 est,
334 829 515 909 commodo,
547 828 616 909 sed,
647 833 685 894 ut
710 829 811 894 videri
832 831 972 912 poterat,
998 824 1095 911 paulo
1122 824 1298 908 abruptius.

132 934 215 999 Eam
241 936 282 1000 ob
310 958 438 1001 causam
465 941 579 1022 postea
608 937 799 1022 quibusdam
824 936 1015 1001 videbantur
1042 933 1167 1017 aliquot
1191 952 1300 996 versus

133 1042 175 1107 ad
201 1043 372 1108 transitum
399 1045 508 1110 deesse
536 1050 569 1110 et
594 1045 803 1111 insinuabant
824 1066 871 1122 se,
897 1047 936 1108 ut
955 1063 1050 1126 saepe
1070 1040 1190 1106 factum
1211 1040 1301 1105 vide·

133 1172 220 1230 mus,
244 1150 354 1236 inepti.
396 1151 449 1218 Sic
476 1154 556 1218 duos
578 1153 721 1238 reliquos
742 1153 898 1217 habemus
918 1149 1022 1230 locos,
1048 1172 1065 1212 ν
1086 1155 1147 1216 405
1166 1150 1199 1212 et
1222 1170 1239 1211 o
1261 1152 1301 1214 39

133 1251 172 1334 ὅς
193 1279 247 1322 τοι
267 1252 333 1322 ὑῶν
355 1253 521 1345 ε’πίοσρος,
544 1255 635 1342 ὅμως
656 1256 694 1325 δέ
713 1282 767 1324 τοι
788 1251 876 1345 ήπια
898 1247 997 1335 οἶδεν,
1020 1260 1053 1321 ot
1074 1258 1118 1319 M
1136 1261 1195 1323 393

216 1360 429 1451 Σαρπήδοντι
449 1361 479 1430 d‘
504 1360 583 1448 άχος
603 1363 725 1451 γένετο,
749 1360 902 1431 Γλαύκου
921 1357 1089 1441 ἀπιόντος,

218 1465 322 1537 αὐτίκ’
345 1467 421 1539 ἐπεί
440 1467 470 1539 τ’
488 1468 635 1561 ἐνόησεν·
658 1471 748 1558 ὅμως
769 1467 803 1539 d'
828 1466 865 1539 οὗ
887 1466 1014 1558 λήθετο
1031 1466 1171 1556 χάρμηςε

135 1603 274 1665 quorum
295 1582 401 1662 illum,
428 1584 463 1647 in
486 1606 550 1668 quo
573 1577 663 1664 ὁμῶς
684 1606 795 1650 sanam
821 1582 1067 1668 explicationem
1088 1577 1211 1645 nullam
1231 1576 1302 1654 fert,
1321 1594 1325 1606 ’

134 1689 176 1754 ab
207 1689 300 1754 initio
327 1685 417 1771 ὅμως
444 1713 510 1756 non
530 1691 681 1758 habuisse
704 1713 847 1774 censeas,
874 1690 931 1756 sed
952 1689 1040 1754 aliud
1062 1687 1147 1773 quid,
1168 1686 1303 1750 fortasse

135 1788 153 1860 ὃ
183 1789 215 1860 δ’
240 1789 313 1861 οὐδ’
337 1785 381 1874 ὧς
402 1791 528 1884 λήθετο
556 1791 696 1885 χάρμης,
720 1800 755 1863 in
775 1799 838 1863 hoc
864 1791 954 1879 ὁμῶς
975 1817 1062 1861 σασα
1081 1794 1225 1860 adhibito
1247 1793 1303 1857 illo

134 1900 226 1968 νυκτὶ
248 1897 280 1968 d’
303 1897 393 1987 ὁμῶς
419 1901 548 1971 πλείειν
575 1931 592 1972 ο
621 1914 661 1976 34
687 1907 853 1973 commode
875 1929 894 1972 a
919 1902 1084 1972 Nitzschio
1112 1901 1305 1987 explicatum

135 2015 232 2097 puto,
261 2015 508 2100 „ebenmttssigdt
537 2020 574 2080 ut
600 2020 695 2082 antea
723 2018 810 2096 (nam
841 2035 918 2079 sane
945 2013 991 2079 sic
1019 2011 1130 2096 potius
1156 2008 1305 2076 verterim

136 2141 235 2204 quam
255 2121 456 2206 „immerfort
477 2122 700 2208 ebensofort“).
1285 2205 1287 2209 .

219 2227 289 2293 Hac
315 2230 367 2295 via
392 2230 597 2309 observandi,
625 2224 722 2315 quam
747 2229 882 2295 feliciter
908 2249 1052 2317 summus
1077 2225 1306 2313 grammaticus

135 2336 281 2420 praeivit,
303 2342 336 2402 et
355 2337 451 2404 hodie
472 2339 726 2426 progrediamur.
755 2336 963 2402 Thierschius
983 2335 1018 2400 in
1038 2335 1110 2402 Act.
1125 2333 1203 2419 phil.
1216 2332 1305 2398 Mon.

134 2442 192 2511 13
222 2467 254 2529 p.
276 2449 337 2514 310
362 2449 395 2512 et
422 2447 456 2510 in
488 2447 562 2513 diss.
590 2447 628 2512 de
654 2469 750 2513 carm.
771 2444 848 2511 Hes.
876 2445 911 2509 in
936 2443 1071 2509 Memor.
1097 2441 1195 2508 Acad.
1217 2440 1305 2507 Mon.

138 2557 217 2619 1811
233 2574 265 2636 p.
284 2557 320 2619 13
344 2554 524 2621 observavit
545 2578 563 2620 a
583 2556 684 2621 veteri
705 2555 818 2640 lingua
840 2553 1003 2637 epicorum
1016 2573 1112 2617 usum
1131 2547 1306 2634 particulae

137 2654 238 2722 ὥστε
259 2681 317 2745 pro
338 2661 402 2740 „ita
415 2665 468 2727 ut“
489 2661 629 2729 alienum
651 2685 730 2745 esse,
750 2661 847 2727 modo
870 2682 911 2725 ne
932 2658 1022 2724 locos
1037 2657 1226 2748 Homericos
1248 2655 1307 2719 ali-

135 2770 187 2832 ter
208 2767 378 2833 suadentes
398 2770 624 2853 praeteriisset.
653 2773 674 2832 I
692 2775 732 2838 42
754 2762 785 2833 εί
807 2762 845 2833 δέ
863 2790 918 2833 τοι
939 2758 1028 2851 αὐτῷ
1042 2758 1307 2847 θομόςέπέσσο-

135 2896 194 2937 ται
222 2869 306 2938 ὥστε
336 2871 484 2944 νέεσθαι.
538 2901 556 2963 ρ
584 2885 624 2946 21
656 2869 694 2942 οὗ
724 2874 787 2963 γὰρ
816 2871 875 2941 ἐπὶ
905 2875 1088 2956 σταθμοῖσι
1115 2865 1226 2955 μένειν
1256 2862 1305 2934 ἔτι
1324 2874 1372 2926 158

135 2975 272 3068 τηλίκος
296 2975 378 3064 εἶμί,
410 2977 483 3048 ὥστ’
507 2980 748 3073 ἐπιτειλαμένῳ
774 2976 957 3070 σημάντορι
984 2974 1095 3045 πάντα
1123 2973 1307 3044 πιθέσθαι.

136 3089 252 3157 Priore
278 3090 350 3155 loco
379 3114 475 3176 quam
501 3098 617 3179 sponte
638 3115 673 3159 se
692 3094 845 3179 praebeat
865 3094 996 3177 poetam
1017 3088 1142 3155 dedisse
1165 3080 1307 3152 άπονέε-

138 3200 228 3262 σθαι
253 3200 474 3285 unusquisque
495 3202 591 3267 videt.
633 3202 726 3268 Alter
751 3202 865 3267 abesse
886 3198 1041 3285 potesta,
1063 3201 1097 3262 et
1116 3195 1224 3262 nullus
1245 3194 1308 3259 fuit

138 3310 198 3372 aut
225 3305 319 3372 alius:
349 3330 375 3373 e.
398 3329 430 3394 g.
455 3300 525 3373 οὐδ’
550 3304 799 3395 ἐπιτειλαμένῳ.
821 3346 861 3356 -
887 3306 1017 3374 Tertius
1039 3326 1151 3371 versus
1176 3304 1211 3368 in
1232 3324 1307 3368 cen-

139 3436 214 3480 sum
235 3414 323 3480 venit
343 3434 362 3497 p
383 3422 444 3484 246

224 3517 293 3607 τρίς
311 3518 373 3606 γὰρ
397 3517 437 3608 δή
459 3518 516 3605 μίν
538 3545 642 3612 φασιν
660 3517 853 3605 ἀνάξασθαι
872 3515 953 3606 γένε’
978 3514 1122 3605 ἀνδρῶν·

225 3625 309 3694 ὥστε
328 3653 390 3712 μοι
412 3623 585 3710 ἀθάνατος
605 3624 803 3713 ἰνδάλλεται
818 3622 1053 3716 εἰσοράασθαι.

140 3738 208 3808 Sed
232 3738 319 3804 hunc
343 3732 470 3806 versum
495 3746 581 3808 recte
606 3764 665 3828 pro
689 3740 921 3807 exclamatione
941 3738 1060 3803 habere
1081 3734 1169 3813 licet,
1198 3753 1309 3816 quam·

141 3869 241 3932 quam
271 3849 336 3911 tres
363 3871 487 3928 versus,
514 3850 631 3933 quibus
657 3850 711 3914 hic
736 3849 932 3927 continetur,
960 3845 1032 3911 aliis
1062 3844 1101 3908 de
1127 3841 1229 3906 causis
1250 3860 1309 3924 pro

141 3954 261 4041 spuriis
282 3953 392 4021 habiti.
431 3952 531 4035 ὥστε,
556 3962 594 4022 ut
614 3957 681 4035 hic,
708 3958 748 4022 ab
770 3955 863 4020 initio
885 3975 995 4018 versus
1018 3942 1203 4024 άσονδέτως
1222 3946 1310 4031 posi-

141 4068 213 4130 tum
234 4063 377 4130 invenies
399 4088 420 4128 α
442 4071 512 4132 227.
544 4064 562 4142 ζ
583 4070 651 4132 122.
680 4063 719 4129 cf.
735 4062 755 4127 d
769 4070 818 4131 45.
846 4066 930 4148 η84.
965 4058 1015 4124 De
1030 4055 1173 4122 Hesiodo
1195 4055 1229 4118 in
1243 4056 1310 4118 tam
1322 4059 1394 4129 (161)

142 4172 255 4257 paucis
279 4171 422 4255 reliquiis
447 4172 530 4238 nihil
556 4173 634 4238 certi
654 4172 689 4236 in
711 4168 868 4237 eiusmodi
888 4168 985 4232 rebus
1008 4167 1148 4229 statuere
1169 4161 1255 4239 licet,
1276 4162 1313 4222 ut

212 4408 239 4448 ⁹⁵
256 4404 296 4461 cf.
315 4403 380 4463 ἐπεὶ
398 4403 496 4464 οὐκέτι
511 4406 628 4476 τηλίκος
647 4400 728 4460 ἐστίν
743 4421 761 4458 τ
778 4406 819 4459 88.
838 4420 856 4456 α
874 4404 933 4459 297.
