3008 4980
210 304 231 354 l.
254 297 326 364 Quid
344 301 410 354 ante
427 297 618 354 Aristarchum
635 298 665 353 in
682 300 736 354 hac
752 299 896 370 interpret.
914 301 1080 370 praestitum
1097 300 1235 356 videatur.
1270 308 1309 370 39

140 469 286 555 magistri
321 468 492 552 discipulos
526 467 704 534 Homerum
738 469 920 556 intelligere
958 470 1129 546 docebant,
1161 470 1307 550 breviter,
1325 485 1357 535 38

141 577 268 660 opinor,
296 577 453 641 dictantes
481 599 583 661 usque
606 577 682 641 dum
711 578 869 642 excellens
891 578 1036 642 doctrina
1057 578 1211 642 memoria
1231 577 1309 642 hae·

139 681 232 766 reret,
252 684 298 748 sic
318 684 385 749 fere
406 687 443 749 ut
464 684 499 748 in
516 683 645 769 cratylo
660 684 806 750 Platonis
826 685 966 772 legimus
987 687 1094 768 (4092)
1113 682 1151 749 cb
1176 680 1212 748 δὲ
1233 707 1308 748 σοι·

140 786 337 855 cillancol
354 783 481 855 αἰολεῖν
494 783 628 857 nodedu:
649 815 844 877 quamquam
858 793 1013 878 quasdam
1030 793 1128 858 etiam
1150 794 1308 859 doctiores

140 901 168 966 si
188 901 258 965 Deo
284 898 392 984 placet
418 899 548 984 regulas
574 922 613 965 ex
633 900 691 965 illa
714 904 838 966 mature
861 900 989 966 Graecis
1018 901 1163 965 adamata
1185 905 1308 984 etymo·

139 1009 227 1094 logia
248 1006 406 1072 addidisse
432 1006 526 1072 facile
549 1007 749 1087 crediderim,
783 1007 877 1092 quale
902 1007 1025 1073 scilicet
1049 1007 1130 1072 illud
1151 1011 1212 1087 est,
1244 1029 1307 1092 quo

140 1119 177 1181 ut
198 1118 276 1180 noto
298 1114 400 1179 utitur
419 1114 514 1180 Plato
537 1115 634 1198 (Orat.
656 1122 716 1183 405
724 1116 751 1198 0)
774 1110 884 1199 ὥσπερ
905 1111 964 1180 τὸν
986 1107 1178 1180 ἀκόλουθόν
1199 1135 1234 1178 τε
1251 1111 1307 1178 καὶ
1320 1105 1374 1179 (46)

140 1219 198 1309 τὴν
218 1217 355 1306 ἄκοιτιν,
378 1218 502 1288 ὅτιτὸ
526 1245 547 1285 οι
569 1215 754 1307 σημαίνει
775 1221 980 1303 πολλαχοῦ
1001 1220 1045 1290 τὸ
1068 1217 1178 1304 ὁμοῦ.
1218 1221 1309 1287 Talia

141 1332 426 1416 interpretamenta
440 1352 480 1395 ex
492 1329 608 1415 puerili
625 1330 791 1414 disciplina
811 1353 869 1415 per
883 1331 1131 1397 Atheniensium
1153 1353 1208 1396 ora
1228 1330 1309 1394 voli-

140 1440 265 1504 tabant:
291 1460 350 1503 nec
370 1437 516 1522 proiecto
537 1437 672 1502 Homeri
693 1438 815 1522 gloriae
836 1439 909 1524 plus
932 1439 1118 1518 olfecerunt,
1142 1461 1238 1522 quam
1259 1441 1310 1502 tot

139 1545 295 1612 vocabula
310 1546 438 1622 Graeca,
453 1544 674 1610 Romanorum
688 1545 785 1631 vulgo
799 1546 944 1631 profecto
955 1546 1167 1632 ignotissima,
1180 1546 1309 1611 comicis

140 1654 269 1736 Latinis,
289 1676 385 1738 quam
399 1652 496 1717 hodie
511 1656 664 1718 centenae
680 1653 924 1719 obscurissimae
938 1676 1032 1719 voces
1048 1653 1185 1734 Goethii,
1206 1653 1309 1738 Klop-

142 1761 265 1840 stockii
287 1761 396 1826 Vossii
410 1761 463 1843 (ne
476 1759 665 1825 Richterum
687 1761 810 1841 dicam),
830 1783 911 1845 quos
927 1783 1038 1827 omnes
1051 1764 1192 1845 stupent,
1215 1783 1310 1845 quam

141 1870 190 1935 vel
210 1891 277 1934 non
298 1867 484 1953 intelligant
504 1867 556 1933 vel
575 1867 708 1933 ridicule
730 1869 914 1952 paucissimi
936 1869 1090 1935 sentiunt.
1131 1866 1213 1932 Istas
1234 1889 1309 1932 vero

142 1999 223 2062 quae
243 1976 406 2062 magistris
427 1975 500 2040 usui
522 1978 629 2041 essent
651 1999 793 2060 quasque
814 1999 872 2060 per
891 2000 1005 2042 manus
1026 1976 1191 2042 traderent
1209 1976 1309 2041 inter-

141 2085 336 2168 pretationes
350 2083 466 2148 litteris
484 2083 689 2168 consignatas
705 2087 738 2149 et
758 2084 934 2150 identidem
955 2085 1129 2169 descriptas
1152 2106 1220 2149 esse
1242 2087 1310 2148 tam

140 2191 307 2276 probabile
323 2195 356 2256 et
367 2195 618 2257 consentaneum
633 2196 691 2276 est,
714 2195 751 2256 ut
765 2192 792 2257 si
813 2214 881 2257 non
902 2193 1022 2257 factum
1045 2195 1130 2256 esset
1150 2192 1203 2255 vix
1226 2193 1311 2256 esset

141 2299 305 2377 credibile;
337 2300 416 2364 item
441 2300 499 2364 has
528 2321 639 2364 omnes
668 2299 793 2385 glossas
821 2303 888 2364 tam
916 2298 978 2364 sibi
1004 2299 1125 2364 similes
1152 2299 1250 2364 l'uisse
1273 2302 1310 2363 ut

142 2430 237 2472 ovum
259 2430 320 2473 ovo
342 2429 408 2472 non
430 2406 578 2473 similius:
602 2407 739 2491 denique
761 2408 875 2473 harum
897 2411 1044 2473 auctores
1065 2407 1117 2473 rel
1138 2406 1309 2490 scriptores

140 2536 260 2579 nomen
281 2537 347 2581 non
367 2515 533 2594 habuisse,
561 2518 599 2578 ut
625 2537 691 2580 non
718 2515 884 2599 potuerint
909 2515 1042 2580 indicari
1063 2514 1126 2579 nisi
1148 2513 1310 2579 communi

140 2621 245 2687 indice
266 2615 321 2705 „oi
342 2614 627 2708 γλωσσογράφοι.“
1261 2635 1264 2640 ·

221 2729 343 2814 Ecquis
360 2729 494 2795 meliora
508 2753 527 2794 a
540 2730 745 2814 rhapsodis
760 2729 1011 2814 exspectaverit?
1033 2726 1102 2794 Nec
1119 2730 1199 2794 dixit
1220 2730 1309 2814 quis·

142 2860 238 2921 quam
256 2837 317 2902 hos
339 2837 377 2902 de
398 2836 511 2923 lingua
526 2835 645 2903 Graeca
665 2837 749 2901 bene
770 2837 924 2902 meruisse
945 2859 1005 2902 nec
1026 2837 1162 2901 istorum
1176 2837 1310 2901 Homeri

140 2945 343 3010 laudatorum
362 2944 414 3010 vel
437 2945 582 3010 doctrina
602 2944 654 3009 vel
674 2948 790 3028 poetae
812 2945 967 3025 studium,
996 2945 1091 3028 quale
1113 2967 1152 3009 ex
1172 2943 1309 3008 Platone

142 3055 175 3118 ct
187 3051 401 3141 Xenophonte
417 3053 636 3139 cognovimus,
656 3057 784 3138 praeter
797 3052 914 3137 vulgus
934 3053 1077 3137 sapuisse
1091 3051 1309 3136 persuadet.²2

223 3159 421 3226 Rhetores
436 3164 522 3225 certe
538 3159 680 3226 Homero
696 3161 743 3225 nil
759 3160 959 3245 profuerunt,
981 3161 1047 3226 imo
1068 3159 1250 3226 defuerunt:
1272 3162 1310 3223 ut

142 3267 255 3332 eodem
268 3267 495 3352 Aristophanis
512 3267 695 3352 fragmento
717 3291 736 3333 a
752 3266 872 3334 Galeno
895 3272 1030 3347 servato,
1052 3268 1195 3353 quoiam
1213 3289 1310 3351 supra

141 3375 191 3439 usi
215 3397 333 3454 sumus,
355 3379 494 3440 constat:
515 3399 590 3440 nam
607 3375 647 3440 ab
670 3375 849 3441 Homericis
871 3376 911 3439 ad
934 3375 1063 3441 Solonis
1084 3376 1210 3461 glossas
1233 3397 1308 3440 cau-

141 3504 247 3547 sarum
262 3482 423 3547 actoribus
437 3483 621 3566 profuturas
635 3484 788 3548 iuvenum
801 3482 925 3548 animos
948 3487 1170 3550 avocaverunt.
1204 3481 1309 3560 Quare

140 3588 195 3653 ille
222 3610 323 3654 novae
349 3590 426 3654 artis
453 3591 616 3656 studiosus
645 3590 782 3669 iuvenis,
814 3591 979 3656 convictus
1007 3591 1041 3654 in
1066 3591 1345 3656 Homericamm39

141 3696 321 3781 glossarum
334 3696 528 3782 ignorantia,
547 3690 808 3784 ἆνσισροβάλλει
823 3696 949 3780 (Geloni
964 3699 1061 3764 verba
1075 3702 1151 3763 sunt
1170 3697 1223 3783 (T.
1237 3696 1311 3762 XIX

141 3930 265 4000 aliosque
281 3932 456 4000 recentiores,
476 3932 525 4001 qui
542 3932 627 3987 libros
644 3933 796 4002 glossarum
818 3930 930 3985 nomine
953 3931 1107 3986 ediderunt.
1142 3929 1310 3984 Recention‘-

140 4016 191 4087 bus
208 4015 318 4072 scholiis
334 4015 487 4072 Homericis
504 4016 581 4073 nulla
597 4017 628 4072 in
644 4017 726 4071 huius
742 4015 871 4072 vocabuli
888 4032 940 4069 usu
958 4014 1034 4070 fides.
1069 4015 1113 4070 Sic
1131 4015 1152 4068 L
1169 4015 1205 4068 ad
1221 4019 1244 4070 0
1261 4020 1310 4069 324

141 4098 170 4156 ol
185 4101 414 4172 γλωσσογράφοι
432 4099 524 4171 ἤγουν
539 4093 641 4158 Ἀπίων
658 4103 706 4157 καὶ
722 4097 896 4172 Ἡρόδωρος,
913 4100 988 4169 quod
1005 4099 1052 4155 ille
1069 4098 1248 4154 Eustathium
1266 4117 1309 4154 ex-

140 4185 261 4241 scribens
279 4185 392 4256 proprio
408 4185 499 4240 Marte
517 4184 628 4240 addidit
646 4186 689 4256 (cf.
707 4184 784 4240 Eust.
802 4191 861 4248 476,
880 4187 933 4250 46).

206 4270 232 4312 22
248 4271 281 4324 In
298 4269 420 4336 scholiis,
437 4268 460 4323 si
477 4272 553 4324 recte
570 4269 692 4335 memini,
710 4269 794 4324 semel
811 4268 944 4339 rhapsodi
963 4268 1147 4340 (Hermodori)
1161 4267 1308 4338 explicatio

141 4354 264 4421 affertur,
281 4355 379 4427 inepta
395 4354 451 4422 illa,
471 4356 497 4410 Φ
518 4360 559 4412 26.
