3008 4980
180 333 201 383 l.
221 327 293 394 Quid
311 329 377 384 ante
394 327 586 383 Aristarchum
602 326 634 382 in
650 328 704 382 hac
720 326 864 398 interpret.
882 325 1048 396 praestitum
1065 325 1202 382 videatur.
1237 333 1275 394 41

109 495 346 562 accuratissime
364 496 503 562 attendit
522 494 563 561 ad
583 496 774 582 particulam
793 491 864 579 μέν,
889 497 976 580 quod
997 495 1156 581 duplicem
1177 493 1279 579 signi-

109 605 292 671 ficationem
308 605 457 670 vocabuli
469 598 616 683 χαλενιός
630 605 787 690 explicare
808 607 921 682 tentat,
943 605 1023 669 haec
1045 602 1153 668 omnia
1173 602 1278 666 bonae

109 714 277 796 iustaeque
291 712 565 796 interpretationis
586 712 749 778 laudabile
770 713 893 778 habent
913 711 1051 777 initium.
1085 710 1148 776 Sed
1170 731 1279 774 revera

109 821 271 885 neminem
286 820 401 903 opinor
421 819 486 885 tale
509 820 676 905 exemplar,
699 820 793 905 quale
812 820 866 884 hic
887 843 906 883 a
926 818 1063 884 Platone
1085 819 1171 883 ultra
1192 820 1279 882 aeta·

110 932 177 993 tem
192 949 282 992 suam
299 927 443 1011 sapiente
460 928 572 993 fictum
587 932 645 1012 est,
665 929 811 994 edidisse.
850 926 911 992 Illa
924 949 1000 992 vero
1021 927 1056 990 in
1079 926 1279 1010 distinguen-

111 1035 160 1100 dis
184 1034 350 1100 vocabulis
375 1035 522 1100 similiter
543 1035 799 1121 significantibus
827 1035 1010 1122 diligentia,
1039 1034 1090 1098 cui
1120 1033 1280 1117 sophistas

111 1146 145 1208 et
171 1143 308 1207 maxime
336 1141 508 1207 Prodicum
536 1165 666 1229 operam
690 1144 814 1209 dedisse
841 1144 971 1222 scimus,
1001 1141 1083 1207 nihil
1113 1140 1153 1205 ad
1184 1140 1280 1204 inter-

111 1251 303 1334 pretandum
324 1253 436 1334 poetas
457 1250 597 1332 valebat,
624 1274 696 1316 cum
717 1273 784 1316 non
805 1273 899 1316 usum
924 1251 1146 1335 perquirerent
1168 1249 1224 1313 sed
1244 1252 1281 1312 ut

111 1357 146 1421 in
165 1360 243 1438 tota,
265 1380 347 1442 quae
361 1357 491 1424 illorum
507 1358 569 1423 dici
583 1362 700 1443 potest,
722 1359 931 1444 grammatica
950 1359 1109 1423 rationem
1131 1359 1178 1439 (at
1199 1378 1280 1441 quae

110 1468 329 1550 poteratesse
351 1466 432 1532 ratio
454 1467 601 1532 intanta
628 1467 705 1532 artis
733 1466 881 1549 infantia)
913 1467 987 1531 usui
1014 1468 1213 1550 opponerent
1240 1466 1280 1547 (.

111 1573 241 1657 Protag.
268 1577 351 1640 341a
375 1573 504 1639 Prodici
530 1575 743 1640 subtilitatem
774 1575 809 1638 in
839 1573 979 1640 formula
1005 1567 1113 1649 δεινός
1136 1566 1282 1657 durium).

113 1681 231 1765 Etyma
258 1703 333 1745 vero
360 1703 512 1765 quaerere
540 1704 599 1747 nec
630 1705 750 1748 novum
777 1703 836 1748 nec
865 1683 1066 1746 fructuosum
1093 1684 1169 1747 erat.
1218 1679 1282 1746 Sed

114 1787 245 1853 illorum
259 1789 395 1873 argutiis
410 1792 442 1854 et
457 1791 708 1873 quaestionibus,
722 1793 760 1854 ut
777 1790 842 1854 iarn
857 1794 951 1855 antea
965 1789 1151 1875 significavi,
1166 1788 1281 1854 sobriis

116 1895 302 1960 adversariis
323 1896 389 1960 veri
411 1898 585 1981 quaerendi
607 1897 732 1963 occasio
756 1898 837 1963 data.
873 1897 923 1961 Ex
945 1920 983 1963 eo
1006 1918 1132 1982 genere,
1156 1896 1194 1961 de
1217 1918 1281 1980 quo

115 2025 200 2067 nunc
222 2004 417 2086 quaerimus,
445 2005 547 2090 prima
572 2006 728 2071 habemus
750 2004 895 2090 exempla
916 2005 1002 2089 apud
1022 2004 1283 2069 Aristotelem.

118 2109 180 2188 Qui
201 2114 259 2176 art.
281 2115 367 2195 poet
385 2133 410 2177 c.
429 2111 534 2177 XXVI
557 2113 644 2177 varia
665 2113 810 2179 solvendi
831 2134 951 2199 genera
972 2133 1162 2177 enumerans
1185 2134 1283 2196 quae·

117 2219 189 2282 dam
203 2219 374 2284 verborum
390 2219 679 2304 significationibus
694 2221 847 2286 solvenda
862 2242 931 2285 esse
947 2219 1049 2284 docet.
1082 2219 1171 2285 Haec
1187 2241 1284 2304 quam

115 2326 253 2391 maxime
282 2326 323 2391 ad
344 2349 472 2392 causam
497 2331 640 2393 nostram
668 2328 831 2413 pertinent
860 2329 891 2412 (ἓ
916 2334 953 2395 16
975 2328 1021 2412 (p.
1046 2333 1150 2395 14613»
1170 2326 1218 2411 9))
1240 2323 1348 2416 adpo)

117 2428 153 2497 δέ
173 2429 259 2518 πρὸς
278 2430 337 2521 τὴν
358 2429 447 2516 λέξιν
467 2426 597 2519 δρῶνια
615 2434 667 2499 δεῖ
687 2429 847 2519 διαλύειν,
865 2423 939 2502 οἷον
959 2429 1098 2522 γλώττῃ·

448 2536 570 2629 οὐρῆας
588 2539 650 2626 μέν
670 2547 805 2629 πρῶτον
825 2561 875 2595 -’

112 2642 193 2726 ἴσως
213 2646 275 2734 γὰρ
297 2643 333 2716 οὗ
354 2649 432 2729 τοὺς
451 2645 609 2741 ἡμιόνους
631 2648 721 2736 λέγει
743 2644 832 2717 ἀλλὰ
852 2648 929 2730 τοὺς
949 2645 1109 2740 φύλακας.
1147 2648 1205 2718 καὶ
1225 2650 1283 2716 τὸν

116 2751 271 2822 Δόλωνα·

448 2857 485 2943 ὃς
507 2860 547 2955 δή
571 2891 625 2933 cor
645 2857 734 2944 εἶδος
753 2863 813 2949 μέν
832 2861 888 2954 έην
908 2860 1021 2951 κακός,

114 2964 154 3038 οὗ
181 2969 218 3037 τὸ
240 2974 334 3054 σῶμα
361 2967 580 3057 ἀσύμμετρον,
613 2968 701 3040 ἀλλὰ
722 2972 761 3042 τὸ
784 2975 966 3057 πρόσωπον
988 2966 1135 3059 αἰσχρόν·
1160 2971 1198 3040 τὸ
1222 2971 1282 3059 γὰρ

115 3073 336 3164 εὐπρόσωπον
358 3076 395 3148 οἱ·
412 3084 538 3169 Κρῆτες
559 3079 681 3161 εὐειδὲς
702 3083 871 3150 καλοῦσιν,
892 3080 1007 3151 καὶτὸ

448 3187 625 3277 ζωρότερον
647 3189 685 3258 δέ
704 3187 837 3276 κέραιρε

116 3289 154 3363 οὐ
182 3293 221 3362 ab
245 3287 390 3380 διἀραιον
415 3290 461 3375 ὥς
489 3294 695 3389 οἱνόῳλνξιν,
725 3293 812 3364 ἀλλὰ
842 3298 880 3364 ιδ
907 3300 1043 3366 θᾶττον.
1091 3299 1176 3365 Dein
1202 3302 1221 3380 ξ
1243 3306 1281 3366 21

112 3406 158 3490 (p.
176 3413 273 3474 1461a
294 3406 350 3490 27>
364 3402 405 3469 τὰ
428 3403 463 3472 δέ
485 3407 570 3473 κατὰ
591 3407 629 3475 τὸ
651 3404 735 3486 eboc
754 3411 810 3497 τῆς
831 3402 964 3487 λέξεως·
987 3395 1146 3472 οἷοντῶν
1167 3427 1284 3488 κεκρα-

110 3508 218 3594 μένων
240 3502 330 3579 οἶνόν
352 3535 456 3601 φασιν
476 3510 565 3581 ένια·
586 3513 669 3583 ὅθεν
690 3511 873 3604 πεποίηται
894 3510 913 3581 δ
944 3511 1134 3604 Γανυμήδης

445 3621 509 3687 Aa
527 3617 726 3705 οἰνοχοεύειν
1292 3643 1323 3693 41

111 3721 150 3794 οδ
173 3725 335 3795 πινόντων
357 3719 458 3798 οἶνον.
479 3729 538 3798 καὶ
556 3728 700 3811 χαλκέας
712 3730 790 3809 τοὺς
810 3730 866 3799 τὸν
887 3725 1022 3819 σίδηρον
1038 3725 1281 3816 ἐργαζομένους.

177 4040 204 4082 2³
221 4037 302 4104 Quod
318 4038 452 4094 interesse
468 4040 560 4096 voluit
576 4039 651 4096 inter
669 4038 780 4111 τέρψις,
794 4039 888 4109 χαρά,
911 4037 1080 4110 εὐφροσύνη
1102 4039 1198 4110 tetigit
1211 4040 1284 4096 Nit-

112 4120 204 4177 sehius
221 4123 258 4177 ad
276 4124 326 4178 Od.
344 4123 409 4178 VIII
430 4129 470 4178 40.
488 4125 630 4179 -Unam
648 4124 775 4179 novimus
791 4124 1143 4190 bonam-observationem,
1161 4124 1284 4196 Hippiae

112 4207 148 4260 de
167 4222 235 4262 voce
254 4200 403 4278 edocerer,
421 4209 497 4277 quod
514 4212 580 4263 ante
598 4208 797 4265 Archilochum
813 4208 844 4262 in
861 4227 913 4264 usu
929 4226 984 4263 non
1001 4208 1086 4265 fuisse
1104 4210 1207 4267 docuit.
1242 4210 1283 4265 De

111 4309 168 4360 quo
186 4309 250 4348 cum
266 4291 436 4347 Lobeckium
453 4292 656 4363 interrogarem
677 4293 823 4364 respondit
843 4293 913 4347 mihi
935 4294 971 4348 ad
992 4295 1046 4349 hoc
1067 4296 1147 4350 illum
1168 4296 1283 4351 fortasse

111 4393 169 4432 non
185 4379 244 4432 tam
260 4377 450 4447 grammaticis
467 4377 622 4434 rationibus
639 4380 727 4437 latum
746 4396 802 4434 esse
821 4397 905 4448 quam
923 4378 1057 4436 civilibus.
