3008 4980
324 357 352 409 2.,
363 350 479 422 *Didymi
495 352 566 407 liber
583 354 618 408 de
636 352 788 407 Aristarchi
805 352 927 408 editione
945 352 1065 406 Homeri.
1240 361 1277 420 17

107 540 169 602 que
191 518 336 584 versibus
362 520 531 603 utriusque
558 519 708 584 editionis
734 519 785 584 vel
807 541 998 584 consensum
1023 519 1074 584 vel
1100 518 1279 584 dissensum

105 628 227 690 notare.
272 624 335 690 Sed
363 649 403 691 116
431 627 477 692 sic
504 628 633 711 quidem
657 627 760 691 omnis
781 627 815 691 in
836 630 927 691 textu
949 626 1121 692 Homerico
1144 627 1184 691 ab
1208 625 1279 690 Ari-

105 733 233 798 starcho
255 734 361 816 posita
383 755 480 817 opera
500 734 669 800 illustrata.
712 732 797 798 Nam
825 737 993 818 cumpost
1014 734 1146 800 alteram
1168 733 1279 799 1111110-

105 862 180 904 nem
202 841 350 905 emissam
367 840 488 905 multos
510 863 612 906 annos
633 841 667 904 in
687 840 871 906 meditando
894 845 927 906 ot
947 841 1188 925 interpretando
1210 840 1280 906 Ho-

105 969 194 1012 mero
218 947 413 1030 perstitisset
449 952 546 1032 atque
582 948 679 1012 etiam
712 948 958 1013 commentarios
995 948 1087 1014 edere
1123 951 1280 1033 pergeret,

104 1055 221 1139 partim
253 1055 415 1140 discipulis
443 1077 558 1133 coram,
594 1056 771 1139 partimin
798 1056 1036 1121 commentariis
1063 1058 1186 1120 veteres
1207 1077 1280 1119 suas

104 1162 260 1227 lectiones
284 1165 519 1247 reprobaverat,
547 1163 632 1242 alias,
663 1167 701 1227 ut
724 1163 792 1228 dies
815 1164 900 1229 diem
923 1165 1083 1240 docuerat,
1105 1167 1273 1246 optaverat

106 1269 299 1349 defenderat,
326 1269 533 1336 stabiliverat.
580 1270 669 1356 Ergo
695 1271 758 1336 hoc
785 1272 881 1336 etiam
906 1269 1057 1354 perutile,
1085 1270 1281 1335 lectionibus

106 1377 284 1443 editionum
316 1379 509 1457 constitutis,
542 1378 685 1443 variante
720 1378 859 1444 lectione
892 1401 931 1444 11
960 1383 1098 1462 utraque
1119 1380 1282 1463 congesta,

106 1485 223 1550 addere
245 1508 284 1551 11
305 1486 543 1551 commentariis
565 1489 598 1550 11
620 1508 659 1550 11
684 1486 856 1551 traditione
884 1488 934 1567 (ea
954 1507 1030 1550 vero
1053 1484 1282 1570 discipulorum
1381 1502 1382 1505 ’

107 1592 234 1676 scriptis
255 1593 307 1658 vel
329 1594 426 1658 etiam
446 1593 601 1658 memoria
623 1595 859 1677 continebatur)
882 1594 1037 1659 lectiones
1064 1592 1218 1677 paulatim
1240 1593 1280 1656 ab

106 1701 221 1765 eodem
242 1700 387 1767 adscitas.
418 1700 502 1766 Tum
517 1701 645 1765 demum
659 1705 746 1766 recte
768 1703 807 1766 de
823 1701 1026 1766 Aristarcheo
1048 1703 1139 1765 textu
1160 1699 1282 1763 Home-

108 1809 175 1872 rico
198 1809 375 1875 constabat.
417 1809 510 1874 Hanc
530 1811 633 1873 totam
655 1831 752 1892 quam
775 1809 999 1895 descripsimus
1022 1829 1152 1893 operam
1174 1813 1326 1872 susce-1⁷

106 1915 156 1998 pit
175 1914 332 2000 Didymus
352 1917 387 1979 in
408 1916 491 1981 libro
513 1913 591 1998 περί
610 1919 670 2000 τῆς
689 1909 934 2000 Ἀρισταρχείον
957 1906 1182 1998 διορθώσεως.
1212 1913 1283 1991 Qua

106 2022 231 2086 ratione
259 2022 322 2088 hoc
349 2023 481 2107 negotio
510 2023 698 2107 perfunctus
729 2025 779 2101 sit,
805 2028 875 2089 tum
905 2047 981 2090 vero
1015 2023 1180 2108 aliquanto
1209 2021 1282 2105 plus

107 2130 305 2212 praestitisse
330 2152 406 2195 mox
431 2131 564 2214 patebit.
611 2131 685 2217 Ego
707 2132 846 2215 primum
867 2132 1043 2197 lectoribus
1069 2154 1143 2196 eum
1165 2127 1283 2193 11111-

109 2236 194 2320 dymi
218 2235 302 2302 libro
332 2258 511 2321 proponam
534 2239 650 2316 locum,
678 2240 733 2324 qui
754 2240 805 2304 vel
826 2241 915 2304 solus
943 2262 1068 2318 eorum,
1097 2260 1178 2322 quae
1207 2235 1347 2313 11111120)
1474 2257 1475 2260 ¹

107 2343 203 2409 fidem
234 2349 396 2428 praestare
422 2349 539 2429 potest.
587 2345 640 2410 Ad
665 2350 695 2409 B
730 2355 785 2414 111
812 2340 897 2422 Ζεύς
922 2367 965 2427 με
998 2342 1083 2428 μέγα
1121 2339 1284 2428 Κρονίδης

108 2443 168 2536 άτη
191 2447 323 2535 ἐνέδησε
343 2455 456 2538 βαρείῃ
478 2452 558 2518 haec
578 2454 641 2519 fuit
661 2454 792 2539 Didymi
813 2454 989 2519 annotatio.

190 2556 345 2638 σχολικὸν
371 2551 523 2646 άγνόημα
552 2562 582 2641 (1.
607 2584 632 2627 e.
656 2583 745 2626 error
766 2561 904 2645 scholae,
925 2583 966 2628 sc.
989 2557 1223 2639 Aristarcheae)
1245 2555 1283 2618 τδ

108 2664 218 2731 δοκεῖν
239 2664 460 2753 Ζηνοδότειον
482 2658 568 2732 εἶναι
593 2667 652 2756 τὴν
677 2666 761 2750 μετὰ
782 2671 841 2733 τοῦ
864 2692 881 2745 ς
901 2661 1032 2754 γραφήν
1054 2661 1192 2749 (μέγας
1213 2656 1286 2726 ἀντὶ

108 2777 166 2837 νοῦ
186 2771 310 2857 μέγα).
348 2776 403 2838 καὶ
430 2770 566 2854 δόξειεν
579 2768 619 2840 dv
644 2771 712 2842 ὑπὸ
734 2771 912 2842 Διονυσία)
933 2777 993 2839 τοῦ
1024 2770 1155 2860 Θρᾳκὸς
1181 2772 1286 2834 ταῦτα

110 2876 277 2947 δεδόσθαι
307 2885 387 2964 (1.6.
415 2887 447 2948 11
472 2883 648 2968 Dionysius
677 2884 805 2968 quidem
831 2883 939 2948 Thrax
968 2882 1114 2947 videatur
1146 2880 1209 2944 hoc
1240 2879 1287 2942 ita

107 2999 248 3074 ponere).
292 2987 326 3054 ἐν
354 2989 415 3074 γὰρ
441 2994 489 3076 τῷ
513 2990 591 3074 περὶ
618 2988 815 3075 ποσοτήτων
850 2986 1064 3055 καθάπτεται
1090 2981 1279 3074 Ζηνοδότον

109 3092 154 3174 ὡς
170 3091 371 3184 ἠγνοηκότας
388 3093 439 3164 ὅτι
460 3105 506 3185 τῷ
525 3096 611 3182 μέγα
633 3092 705 3163 άντί
721 3103 781 3165 τοῦ
794 3097 945 3183 μεγάλως
958 3093 1115 3185 Ὅμηρος
1136 3088 1281 3182 άποχρῆ-

108 3227 173 3269 ται·
201 3198 278 3288 παρ’
303 3195 323 3270 δ
344 3204 384 3294 δὴ
411 3204 468 3271 καί
493 3200 577 3270 κατά
598 3231 673 3272 τινα
698 3210 763 3272 τῶν
784 3202 1031 3294 ὑπομνημάτων
1051 3203 1282 3291 μετειλῆφθαι

108 3310 146 3377 τδ
173 3309 258 3397 μέγα
288 3306 361 3378 ἄντί
387 3317 446 3378 τοῦ
466 3310 618 3398 μεγάλως
643 3317 685 3399 (h.
715 3341 740 3382 e.
771 3339 869 3402 quare
900 3316 996 3381 eliam
1028 3315 1063 3377 in
1091 3311 1281 3396 quibusdam
1354 3312 1356 3317 ’

109 3420 284 3486 Aristarchi
320 3423 555 3488 commentariis
590 3425 782 3489 vocabulum
816 3421 903 3508 μέγα
938 3424 969 3487 ln
994 3422 1015 3488 l.
1040 3443 1098 3506 per
1131 3413 1283 3501 μεγάλως

106 3528 297 3593 translatum
319 3528 536 3608 1111111111).1ὸ
560 3527 597 3595 δὲ
619 3526 680 3596 οὐκ
701 3527 768 3612 iicet
792 3526 947 3615 τάκριβές
969 3525 1081 3604 οὕτως.
1105 3520 1135 3591 εἰ
1156 3524 1219 3610 γὰρ
1240 3522 1282 3589 τδι

106 3631 341 3719 συγγράμματα
362 3639 427 3700 τῶν
447 3630 694 3726 ὑπομνημάτων
716 3633 971 3724 προτάττοιμεν,
1001 3631 1096 3700 ἕνεκα
1125 3642 1203 3719 γοῦν
1222 3626 1283 3697 τά·

106 3746 242 3826 κριβοῦς
262 3741 433 3832 γράφομεν
446 3743 531 3811 κατὰ
550 3739 763 3830 Ἀρίσταρχον
778 3740 862 3824 Ζεάς
881 3768 924 3827 με
944 3741 1056 3829 μέγας.
1080 3740 1117 3810 ἐν
1137 3745 1215 3826 γοῦν
1237 3744 1284 3826 τῷ

107 3847 193 3934 πρὸς
217 3851 365 3939 Φιλητᾶν
386 3849 615 3939 συγγράμματι
635 3858 676 3944 τῇ
697 3858 809 3944 γραφῇ
835 3850 1000 3940 κέχρηται,
1031 3847 1092 3917 δέο
1120 3847 1224 3934 λέγων
1244 3846 1283 3914 τδ

106 3954 210 4041 μέγας
229 3955 413 4046 σημαίνειν,
435 3959 510 4027 τοτὲ
526 3959 586 4043 μὲν
609 3960 647 4029 τὸ
678 3955 757 4027 καθ’
782 3956 874 4040 αὑτό,
903 3956 1061 4045 καθάπερ
1084 3962 1151 4038 νῦν,
1175 3951 1286 4038 ,,Ζεάς

107 4086 149 4145 με
166 4062 271 4150 μέγας
291 4065 482 4156 Κρονίδηςίῑ
511 4068 568 4136 καί
594 4073 705 4155 ,,κεῖτσ
733 4067 838 4155 μέγας
863 4063 1063 4152 μεγαλωστί,
1087 4063 1287 4151 λελασμένος

107 4165 348 4240 1πποσννάων“
371 4182 422 4261 (Π
441 4185 523 4262 776),
550 4176 625 4245 cova*
648 4175 684 4244 δέ
711 4172 791 4245 αὐτὸ
815 4179 849 4259 (l.
872 4169 915 4242 αὖ
935 4177 987 4262 τὸ)
1013 4174 1102 4263 πρὸς
1121 4175 1180 4264 τὴν
1201 4171 1282 4239 κατὰ

108 4277 165 4345 τδν
183 4275 320 4349 Αἴαντα
345 4283 403 4352 τὸν
425 4281 537 4370 έτερον
562 4282 731 4373 διάκρισιν
753 4281 874 4373 ,,Αλάς
895 4280 929 4352 δ’
955 4280 973 4352 ὃ
994 4282 1121 4370 μέγας“
1140 4284 1285 4368 (11358).

108 4381 170 4452 κάν
197 4393 271 4469 ταῖς
297 4395 425 4472 Λιταῖς
446 4391 663 4480 ἐξηγούμενος
690 4389 820 4478 ,αὐτὰρ
846 4387 949 4460 ἔπειτ’
977 4387 1073 4472 Αἴας
1098 4416 1135 4459 τε
1160 4390 1286 4476 11170191(

159 4493 267 4544 1111111,
280 4495 416 4539 Aristoteli.
1059 4499 1074 4548 2
