3008 4980
230 317 270 378 42
324 309 356 363 II.
375 309 416 365 De
435 309 611 365 Aristarchea
629 310 828 366 vocabulorum
845 309 1054 365 Homericorum
1070 309 1312 381 interpretatione.

311 477 400 543 Haec
432 499 502 542 cum
527 479 694 545 considero
715 479 921 545 Aristotelica
948 483 983 545 et
1000 479 1080 544 falsa
1101 501 1170 544 esse
1190 479 1344 564 pleraque
1367 483 1401 546 et

229 608 248 649 a
269 586 478 672 grammatica
498 587 765 671 interpretatione
786 587 983 654 alienissima
997 586 1092 670 (nihil
1106 585 1241 653 Homeri
1263 610 1400 654 consue-

228 693 340 758 tudine
360 694 508 774 illnstrat‚
528 695 580 760 vel
601 694 768 761 Cretenses
790 696 887 762 licere
908 699 1001 780 putat
1022 695 1114 760 citari
1135 695 1169 758 in
1190 717 1269 761 voce
1283 699 1400 780 poetae

228 800 491 885 frequentatam),
512 803 576 868 huc
598 824 756 868 arcessere
777 803 873 868 velim
896 826 959 882 eos,
983 803 1039 887 qui
1067 802 1171 868 adhuc
1197 803 1236 867 de
1257 802 1400 868 Alexan-

229 909 394 974 drinorum
421 909 544 974 meritis
572 910 770 975 fastidiosius
798 911 992 995 loquuntur,
1031 910 1107 976 hinc
1139 915 1178 976 ut
1204 910 1401 992 intelligant,

230 1021 368 1100 quantae
390 1017 483 1082 molis
504 1017 602 1083 fuerit
616 1019 799 1086 Cloacinam
820 1019 957 1084 condere
972 1021 1083 1084 artem.
1110 1017 1281 1083 Praeterea
1301 1018 1402 1082 miror

230 1147 326 1208 quam
351 1147 466 1189 vanam
492 1125 684 1191 Aristoteles
710 1125 923 1192 consumserit
956 1147 1094 1211 operam.
1147 1125 1301 1203 Quaestio
1334 1128 1428 1190 erat.

229 1233 460 1317 sophistarum,
485 1232 648 1317 quomodo
672 1230 811 1312 χαλκεύς
836 1233 898 1298 dici
923 1234 1110 1318 potuerita
1141 1236 1238 1317 pocta
1264 1234 1296 1315 (χ
1317 1236 1401 1316 432),

230 1342 286 1425 qui
311 1341 398 1406 idem
424 1342 534 1426 paucis
568 1345 641 1406 ante
670 1341 815 1406 versibus
844 1341 930 1423 (425)
955 1337 1132 1424 χρυσοχόος
1159 1341 1329 1418 diceretur,
1362 1340 1401 1405 de

230 1472 294 1534 quo
316 1449 427 1534 paucis
453 1450 599 1515 versibus
626 1453 702 1534 post
722 1448 927 1534 profiteretur
951 1453 1062 1533 poeta:
1085 1445 1206 1533 χρυσὸν
1233 1440 1400 1532 εἰργάζετο

230 1559 326 1639 (435).
369 1555 644 1643 Respondendum
667 1557 760 1622 docet
781 1555 981 1637 Aristoteles,
1003 1579 1206 1623 communem
1220 1577 1402 1621 sermonem

228 1665 324 1750 plane
345 1665 441 1730 simili
461 1665 587 1730 ratione
608 1664 756 1730 ferrarios
780 1665 883 1730 dicere
902 1659 1053 1743 χαλκέας.
1096 1663 1275 1730 Homerum
1294 1664 1402 1748 ipsum

230 1772 346 1837 dixisse
362 1773 388 1853 (ι
403 1777 578 1849 391-394)
596 1772 647 1838 vel
667 1794 734 1837 non
755 1772 944 1837 meminerat
965 1771 1096 1837 omnino
1111 1772 1211 1855 (quod
1231 1770 1297 1836 illis
1318 1774 1401 1835 tem·
1488 1833 1491 1839 ,

165 1881 218 1952 (50)
230 1881 362 1965 poribus
383 1879 534 1944 facillime
555 1879 625 1945 fieri
646 1877 765 1964 potuit)
787 1880 837 1944 vel
858 1902 924 1945 non
945 1879 1100 1962 adhibuit,
1122 1879 1209 1962 quod
1227 1878 1402 1944 verendum

231 1992 360 2053 eratne
383 1988 494 2053 eadem
510 1987 656 2071 quaestio
680 1986 784 2053 denuo
807 1988 1007 2053 excitaretur.
1051 1989 1096 2054 At
1117 1986 1402 2068 communiamus,

230 2096 271 2160 ad
297 2118 392 2179 quem
419 2099 573 2180 provocat
598 2095 823 2180 philosophus,
849 2098 981 2160 tutusne
1014 2099 1082 2160 erat
1108 2095 1148 2160 ab
1175 2093 1327 2182 argutulo
1349 2115 1401 2159 so·

230 2202 357 2286 phista?
390 2201 524 2268 Poterat
545 2207 577 2268 et
597 2204 683 2268 hunc
704 2207 741 2268 ut
762 2203 908 2286 ineptum
929 2203 1058 2268 reiicere
1079 2207 1112 2269 et
1133 2202 1322 2287 quaestione
1342 2201 1403 2266 im·

229 2309 363 2394 plicare,
388 2311 472 2375 siout
491 2309 664 2375 Prodicum
689 2309 785 2376 Plato
807 2309 1009 2376 cavillantem
1029 2310 1106 2376 facit
1125 2311 1160 2374 in
1181 2306 1288 2385 δεινὸς
1309 2301 1400 2397 ἀνήρ,

231 2418 318 2502 quod
340 2419 438 2504 vulgo
466 2419 676 2484 dicebatur.²⁵
717 2419 770 2484 An
797 2422 886 2483 extra
911 2419 971 2483 hos
1000 2418 1217 2503 sophistarum
1244 2417 1403 2483 cancellos

230 2527 363 2591 meliora
385 2527 493 2592 attulit
513 2526 726 2592 Aristoteles?
762 2524 908 2594 Nescivit
936 2526 1094 2610 explicare
1121 2522 1205 2601 θεὸς
1226 2517 1401 2612 αὐδήεσσα,

230 2657 329 2720 quare
345 2635 529 2700 coniectura
550 2634 718 2700 substituit
740 2625 914 2720 σόόήεσσα,
940 2634 960 2698 i.
983 2656 1009 2699 e.
1033 2655 1115 2717 quae
1136 2633 1171 2697 in
1192 2637 1278 2699 terra
1300 2630 1404 2697 domi-

232 2742 341 2807 cilium
362 2742 469 2807 habet.
511 2739 616 2808 Schol.
640 2763 655 2804 ε
677 2746 746 2809 334.
777 2763 797 2803 κ
822 2746 890 2809 136.
931 2740 976 2806 Et
998 2740 1075 2825 quid
1101 2761 1212 2805 censes
1240 2741 1279 2806 de
1314 2739 1402 2805 hoc?

230 2850 376 2934 increpat
396 2850 570 2916 Diomedes
590 2849 807 2916 Alexandrum
822 2851 873 2932 (A
891 2849 967 2932 385)
987 2841 1114 2927 τοξότα,
1136 2840 1299 2934 λωβητήρ,
1323 2842 1405 2934 κέρᾳ

232 2949 347 3041 ἆχλαέ,
364 2957 628 3041 παρθενοπῖπαι
646 2948 876 3043 Ἀριστοτέλης
890 2951 936 3037 δέ,
951 2976 1046 3043 φασι,
1064 2955 1145 3042 κέρᾳ
1160 2947 1288 3038 ἀγλαὸν
1312 2942 1405 3019 εἶπεν

232 3059 302 3130 ἀντὶ
322 3066 382 3129 τοῦ
404 3057 524 3150 αἰδοίῳ
547 3066 799 3148 σεμνυνόμενον,
823 3060 880 3129 ἐπὶ
901 3059 1051 3128 τοιούτου
1078 3057 1322 3149 σημαινομένου
1348 3058 1406 3149 την

233 3168 321 3252 λέξιν
350 3168 476 3248 ἐκεῖνος
503 3170 630 3259 νοήσας.
640 3173 669 3215 ²⁶
718 3174 844 3239 Addam
875 3172 968 3253 haec,
997 3195 1193 3258 quamquam
1217 3194 1284 3237 non
1309 3171 1406 3256 plane

183 3289 216 3340 42
234 3282 275 3348 ad
294 3281 380 3346 idem
403 3301 505 3366 genus
525 3281 703 3366 pertinent:
730 3285 760 3344 Φ
781 3288 842 3350 252
865 3272 977 3345 αἰετοῦ
998 3318 1039 3329 -
1058 3275 1203 3361 μέλανος
1221 3281 1281 3344 τοῦ
1302 3281 1408 3366 θηρη-

231 3392 349 3478 τῆροςε
367 3380 597 3474 Ἀριστοτέλης
614 3385 818 3470 μελανόστου
841 3381 1068 3471 ἀναγινώσκει,
1091 3389 1151 3453 τοῦ
1171 3382 1300 3470 μέλανα
1323 3380 1407 3453 ὀστᾶ

299 3609 324 3650 24
341 3605 383 3660 De
402 3623 455 3660 usu
472 3602 619 3660 Homerico
642 3620 701 3659 voc.
721 3595 798 3666 εἶδος
814 3621 840 3658 v.
858 3603 935 3660 Voss.
954 3602 991 3656 ad
1008 3602 1039 3657 Il.
1060 3605 1084 3657 A
1104 3606 1160 3656 115.
1196 3601 1289 3657 sched.
1311 3601 1405 3657 critl

233 3711 261 3762 p·
281 3697 528 3831 113’ἶλοαοιιτοο
547 3763 643 3837 δεινός
662 3772 696 3826 cf.
715 3770 829 3828 Aristot.
848 3771 937 3842 probl.
957 3772 1051 3827 XVIII
1069 3766 1094 3824 δ’
1112 3774 1153 3841 (p.
1171 3774 1241 3827 916¹>
1260 3771 1313 3839 36).

299 3861 325 3902 26
342 3858 403 3915 Ηοο
420 3858 450 3914 in
467 3858 551 3914 schol.
570 3858 596 3913 V
612 3857 651 3912 sic
670 3856 785 3926 legitur:
809 3854 903 3932 (κέρᾳ)
921 3860 957 3926 τῇ
973 3852 1058 3925 τριχί,
1077 3843 1150 3910 ὅθεν
1166 3857 1216 3911 καὶ
1236 3849 1271 3910 τό
1288 3855 1406 3926 κείρειν.

231 3937 427 4015 Ἀριστοτέλης
440 3941 472 3999 δὲ
491 3933 515 3998 (ό
533 3945 576 4016 τῷ
592 3935 669 4015 τόξῳ
688 3935 893 4010 σεμνυνόμενε.
923 3939 1003 4006 Quod
1015 3958 1145 3995 mancum
1162 3942 1191 3995 et
1210 3938 1340 3994 mutilum
1358 3940 1407 4002 ast,

233 4031 267 4085 nt
285 4046 319 4084 ex
335 4027 483 4083 Eustathio
502 4031 542 4099 (p.
562 4033 618 4093 851,
637 4029 683 4096 52)
702 4029 791 4097 patet.
813 4057 846 4067 -
870 4045 889 4082 κ
908 4031 956 4082 136
973 4043 1025 4097 pro
1041 4017 1224 4096 Ἀρίσταρχος
1240 4023 1320 4080 scrib.
1338 4014 1407 4094 Ἀρι-

234 4111 381 4182 στοτέλης.
416 4111 520 4168 Contra
537 4112 621 4168 schol.
641 4111 756 4167 Theocr.
774 4113 788 4166 I
806 4116 838 4166 34
861 4105 967 4182 ἔθειρα
984 4098 1007 4180 ρ)
1027 4112 1078 4180 τῆς
1093 4110 1221 4178 κεφαλῆς
1239 4103 1315 4194 θρίξ.
1335 4096 1408 4164 όθεν

232 4190 428 4269 Ἀριστοτέλης
449 4196 481 4252 ἐν
499 4185 614 4272 Ὁμήρῳ
637 4197 766 4268 ἔγραψεν
792 4188 930 4260 ..nocivam
950 4185 977 4250 δ’
1001 4189 1141 4264 ἐγένοντο
1163 4194 1312 4262 χτνειαδες
1332 4191 1407 4260 ἀμφὶ

234 4282 366 4353 γένειον*
384 4282 416 4348 (τι
437 4283 509 4352 176),
535 4278 588 4336 οὒκ
605 4275 760 4348 &dcccdccc
776 4279 829 4350 leg.
847 4273 1028 4350 Ἀρίσταρχος
1044 4277 1106 4346 <sed
1123 4295 1148 4332 ν.
1166 4275 1239 4332 infra
1256 4276 1293 4330 ad
1310 4294 1338 4345 p.
1359 4280 1406 4331 115

236 4368 278 4423 ed.
296 4367 343 4436 Π).
