3008 4980
535 329 558 380 3.
585 317 727 394 ψάμαθος
744 326 774 378 et
792 313 914 391 ἄμαθος.
1254 327 1311 391 123

142 489 179 558 δὲ
204 489 302 574 λόγος
330 477 426 568 οὗτος
449 492 507 577 τῆς
533 484 777 577 θωρακοζιόνης
807 483 855 568 εἰς
878 486 916 556 τό
942 482 1031 553 κάτω
1061 483 1162 572 μέρος
1194 481 1311 567 ἔνυξεν.

141 601 187 668 cf.
203 607 264 668 252
277 597 347 678 νύξε
362 593 400 663 δέ
412 621 472 680 μιν
485 595 569 662 κατὰ
582 600 675 683 χεῖρα
691 595 795 684 μέσην
809 591 957 682 όγκώνος
971 591 1123 679 ἕνερθεντ
1145 590 1176 682 (η
1195 593 1311 681 διπλῆ)

141 703 194 774 ὅτι
210 699 248 772 ού
265 702 354 790 λέγει
369 699 526 771 ύιιοκάτω
540 708 599 770 τού
615 699 773 789 ἀγκῶνος,
798 698 886 769 ἀλλὰ
907 702 992 768 κατὰ
1012 700 1051 769 τὸ
1073 697 1190 783 ἔνερθε
1210 697 1312 786 μέρος

139 818 200 879 τοῦ
223 808 370 898 όγκώνος
392 819 505 898 (unten
525 837 576 879 arn
594 814 753 900 Elbogen‚
775 837 842 880 non
863 814 1035 880 unterhalb
1059 814 1113 878 des
1135 812 1232 895 Elbr
1255 807 1312 873 καὶ
1412 811 1414 815 ’

141 919 176 987 ἒν
201 924 271 999 τοῖς
297 916 410 987 ἐπάνω
438 915 637 1010 ,,Ἰφιδάμας
664 919 701 986 δὲ
728 918 812 985 κατὰ
839 915 942 1007 ζώνην
964 913 1119 1006 θώρηκος
1139 914 1311 1002 ἔνερθενίί.

140 1031 246 1097 Video
261 1032 323 1095 hoc
337 1031 473 1096 fortasse
488 1054 554 1096 non
569 1035 655 1096 recte
680 1031 800 1095 factum
822 1053 900 1110 esse,
923 1029 1010 1114 quod
1032 1022 1134 1112 ζώνην
1156 1021 1312 1112 θώρηκος

141 1139 323 1205 coniunxit:
359 1139 446 1222 quod
470 1143 555 1203 certe
580 1161 647 1204 non
672 1138 894 1203 necessarium.
933 1136 978 1202 Et
1002 1136 1086 1200 hanc
1114 1136 1252 1219 culpam,
1284 1135 1311 1198 si

142 1269 206 1330 qua
227 1249 282 1326 est,
304 1245 479 1310 Aristonici
495 1269 563 1312 esse
586 1269 652 1312 non
666 1245 845 1311 Aristarchi
866 1245 940 1310 inde
961 1243 1140 1328 putaverim
1163 1242 1250 1326 quod
1272 1242 1312 1306 ad

139 1353 414 1438 comparationem
436 1354 594 1419 adscitum
616 1357 684 1419 erat
705 1345 854 1436 ἀγκῶνος
874 1346 1020 1434 ἔνερθεν.

206 1460 350 1531 ‚Addam
375 1459 528 1526 hocloco
551 1462 793 1526 annotationem
815 1461 853 1526 de
875 1461 983 1539 mitra,
1011 1482 1093 1543 quae
1115 1461 1240 1524 servata
1261 1461 1310 1522 est
1322 1463 1393 1533 (128)

140 1568 181 1632 ad
198 1569 298 1635 E857
322 1561 451 1630 νείατον
473 1561 507 1643 ἒς
527 1571 679 1647 κενεῶνα,
701 1563 764 1634 ὅθι
787 1559 987 1647 ζωννύσκετο
1007 1560 1123 1652 μίτρηε
1146 1557 1177 1650 (ἡ
1196 1562 1311 1650 διπλῆ)

141 1671 194 1739 ὅτι
210 1671 294 1738 κατὰ
307 1670 349 1738 τὰ
362 1673 460 1739 κοῖλα
479 1670 561 1761 μέρη
584 1667 780 1754 ε’ζωννύοντο
802 1676 887 1760 (cod.
905 1667 1095 1758 ἐζώννυντο>
1110 1670 1171 1758 τὴν
1184 1667 1310 1757 μίτραν.
1380 1674 1382 1677 ’

137 1779 198 1846 καί
217 1776 287 1846 ἔστι
310 1780 548 1860 διδασκαλικὸς
571 1778 588 1847 ό
610 1779 761 1859 τόποςῖθ.
798 1783 856 1862 (Of.
876 1783 927 1848 Et.
948 1783 991 1848 M.
1013 1787 1082 1861 589,
1104 1783 1145 1865 9.)

509 2108 708 2198 Ψάμαθος
730 2120 763 2182 et
785 2108 946 2197 δίμαθος

137 2263 387 2352 ιίιῖειιλιρααιιταν.
427 2266 518 2331 Illud
535 2269 693 2355 se'ync’ficat
713 2292 844 2333 αναιαοι
864 2266 910 2330 ad
929 2267 1034 2349 littus,
1061 2266 1117 2330 ίιοο
1137 2267 1170 2330 in
1193 2289 1311 2351 compo.

220 2433 320 2499 1385
349 2424 422 2496 ούδ
451 2425 486 2496 εἴ
509 2456 571 2516 μοι
594 2425 678 2498 τόσα
705 2427 780 2519 δοίη
811 2427 873 2497 ὅσα
899 2424 1069 2520 ψάμαθός
1094 2454 1129 2496 τε
1151 2423 1240 2508 κόνις
1259 2454 1311 2496 ce:

136 2528 158 2622 ἢ
186 2535 290 2623 διπλῇ
310 2536 396 2624 πρὸς
416 2538 476 2625 τὴν
499 2538 664 2628 διαφορὰν
683 2544 743 2625 τῆς
763 2532 934 2628 ψαμάθοο
957 2537 1013 2605 καί
1034 2532 1187 2622 ἀμάθου,
1213 2533 1307 2623 ότιη

136 2638 408 2728 περιθαλάσσιος
425 2640 604 2736 ψάμαθος,
626 2640 717 2724 κόνις
733 2640 810 2733 δύη
834 2644 956 2724 πεδιὰς
976 2639 1100 2729 άμμος·
1123 2644 1180 2711 καί
1202 2639 1311 2721 ούδείς

137 2752 172 2835 (l.
195 2746 233 2817 ού
258 2751 319 2839 δίς)
341 2753 378 2820 τὸ
408 2748 488 2820 αύτό
515 2752 613 2839 λέγει,
653 2760 752 2825 1593
777 2750 901 2841 ίίνδρας
920 2751 980 2838 μὲν
1002 2750 1179 2832 κτείνουσι,
1208 2747 1310 2819 πόλιν
1329 2753 1376 2805 124

138 2856 178 2925 δέ
202 2883 237 2924 τε
254 2864 320 2946 πύρ
348 2857 532 2946 όμαθύνειε
562 2859 615 2929 δτι
642 2856 780 2945 ύίμαθον
807 2866 913 2928 ποιεῖ·
945 2858 1049 2939 ούτως
1075 2859 1112 2926 δὲ
1137 2857 1226 2946 λέγει
1250 2858 1310 2948 τὴν

137 2961 342 3051 πεδιάσιμον
367 2964 467 3039 κόνιν.
494 2966 522 3039 ό
547 2969 584 3037 δὲ
604 2964 775 3053 Αἰσχύλος
799 2967 856 3036 εἰιί
880 2974 939 3036 τού
963 2965 1178 3059 διαφθείρειν
1198 2969 1311 3057 ψιλώς

135 3071 260 3155 τέταχε,
290 3076 368 3163 περὶ
392 3083 451 3145 τού
470 3073 673 3158 Ἀκταίωνος
696 3076 800 3164 λέγων
826 3075 941 3164 ,μύνες
968 3074 1178 3165 διημάθονον
1204 3071 1309 3163 όίνδρα

138 3177 333 3272 δεσπότην“.
376 3188 429 3253 Ad
455 3191 485 3252 Ε
508 3195 568 3257 587
596 3183 716 3254 ἔκπεσε
742 3183 863 3274 δίφρον
891 3181 1059 3270 κύμβαχος
1086 3183 1120 3252 ἒν
1148 3181 1306 3274 κονίησιν,

136 3287 195 3357 ἐπὶ
215 3288 358 3376 βρεχμόν
378 3317 414 3359 τε
435 3293 491 3360 καί
513 3287 632 3378 όίμοος.
676 3292 768 3382 δηθὰ
788 3288 867 3378 μάλ’
892 3288 1023 3380 ἑστήκει
1043 3287 1176 3374 -τύχε
1198 3288 1259 3379 γάρ
1281 3286 1307 3380 ῥ’

138 3391 295 3481 ἀμάθοιο
313 3396 511 3489 βαθείης-
526 3427 612 3469 nunc
626 3404 801 3470 Aristonici
823 3403 976 3482 scholion,
998 3404 1086 3488 quod
1105 3404 1192 3468 haud
1214 3404 1309 3468 dubie

136 3507 209 3590 fuit,
230 3508 384 3574 amissum
399 3514 457 3575 est.
490 3511 554 3577 Sed
568 3511 660 3577 Eust.
678 3511 741 3576 hoc
761 3511 832 3595 ipso
853 3511 924 3576 loco
948 3513 990 3594 (p.
1005 3517 1074 3594 584,
1088 3516 1140 3594 37)
1164 3506 1309 3576 ἐνταῦθα

138 3611 176 3678 δὲ
198 3608 260 3698 ὅρα
281 3613 338 3680 καί
364 3611 408 3693 ὡς
434 3610 471 3682 ού
498 3611 619 3683 ταύτόν
640 3612 810 3707 ψάμαθον
835 3611 941 3682 εἰπεῖν
961 3614 1018 3682 καί
1040 3611 1192 3700 δίμαθον,
1221 3613 1310 3689 ἀλλὰ

136 3714 308 3811 ψάμαθος
329 3719 391 3806 μέν
417 3720 505 3789 ἐστιν
525 3721 545 3812 ἡ
569 3723 627 3791 καί
646 3720 789 3813 ψάμμος
810 3728 846 3808 (μ
866 3728 949 3810 243),
971 3719 1109 3807 άμαθος
1131 3725 1168 3793 δὲ
1188 3720 1311 3805 κόνεώς

136 3854 171 3895 τι
193 3824 351 3918 φαίνεται
375 3821 462 3897 εἶναι
487 3822 585 3910 εἶδος.
629 3835 779 3900 Ceterum
804 3834 855 3900 bis
876 3828 1046 3920 ψάμαθος
1068 3837 1107 3901 de
1129 3861 1225 3903 arena
1248 3839 1308 3903 flu-

136 3938 214 4004 viali
245 3939 412 4005 dicituro
433 3947 504 4008 202.
533 3946 601 4009 319.
644 3941 739 4020 Quod
768 3965 834 4007 non
859 3944 988 4027 putabis
1015 3943 1067 4008 vel
1092 3965 1227 4029 negasse
1257 3945 1308 4010 vel

135 4048 289 4134 ignotum
315 4048 413 4114 fuisse
441 4048 640 4128 Aristarch03
675 4048 740 4113 illic
770 4049 934 4114 satisfuit
961 4050 1002 4114 ad
1029 4050 1241 4117 differentiam
1269 4054 1308 4117 ab

135 4227 264 4298 incipere
282 4229 380 4295 solent,
398 4228 549 4283 Aristonici
565 4231 733 4286 sententiam
751 4233 781 4286 in
799 4232 910 4287 brevius
929 4235 1102 4289 contractam
1121 4234 1212 4289 denuo
1229 4250 1309 4304 repe-

135 4311 237 4376 tentia,
254 4311 315 4367 eliis
331 4313 484 4368 tribuenda
502 4330 559 4368 esse
577 4314 743 4371 existimat.“
772 4316 979 4373 Friedlaender.
998 4318 1121 4372 Ariston.
1140 4337 1167 4388 p.
1187 4319 1256 4386 193.)

205 4398 231 4438 ⁷⁰
248 4396 352 4461 „Locus
369 4397 522 4454 classicus.“
543 4430 574 4439 -
593 4399 632 4454 Of.
651 4402 865 4466 detrectatores
883 4402 1003 4457 Ariston.
1023 4407 1046 4458 0
1064 4409 1121 4458 437.
1145 4406 1239 4457 rats.
