3008 4980
547 301 568 353 2.
593 297 635 352 De
651 296 901 387 interminatione.
1244 302 1303 370 311

138 460 173 529 έν
187 460 313 549 ἑτέροις
334 459 469 553 ἔφαμεν.
504 464 632 563 Scilicet
647 466 735 551 quod
747 465 939 552 privativum
957 469 1049 545 esset,
1068 468 1106 530 A
1122 471 1196 536 301:
1209 469 1305 553 'quod

137 596 265 659 semper
285 574 392 640 Ionem
413 573 561 658 spiritum
582 572 688 640 habet.

221 698 252 763 A
273 698 314 763 ad
335 700 370 762 Κ
388 703 450 768 466
472 695 611 763 δέελον
633 693 670 762 δέ
690 695 727 763 τὸ
751 689 903 784 είίδηλον,
933 688 1001 762 ἀπὸ
1023 699 1083 764 τοῦ
1105 691 1198 784 δήειν
1220 701 1387 786 (nod.(³²⁸)

137 805 237 891 -εις),
266 801 366 893 φησὶν
384 797 402 868 ὁ
418 796 640 890 Ἀρίσταρχος,
663 803 701 872 τὸ
720 801 859 888 εὗρετόν.
899 807 1045 872 Alterum
1066 806 1165 872 schol.
1186 799 1307 873 ταύτόν

137 909 209 978 έστι
228 915 277 999 τῷ
295 911 411 998 δῆλον·
441 908 495 977 διὸ
517 909 574 977 καί
593 907 684 999 τρίτη
706 905 776 980 ἀπὸ
798 908 914 990 τέλους
934 908 954 999 ι)
979 906 1081 994 δξεῖα,
1104 911 1161 980 καί
1183 913 1306 1002 ψιλοῦ-

135 1044 195 1085 ται
212 1017 250 1086 τὸ
274 1013 425 1102 δεύτερον
444 1043 468 1088 ε.
492 1020 557 1112 ⁴An
577 1015 708 1086 fuorunt
729 1023 785 1105 qui
807 1022 846 1087 de
869 1017 926 1107 ἕλη
947 1022 1154 1106 cogitabant?
1174 1020 1246 1087 Hoc
1267 1045 1304 1088 eo

136 1130 242 1216 magis
262 1132 342 1215 puto
365 1148 438 1193 oum
456 1127 517 1192 hoo
537 1128 662 1194 ratione
684 1127 815 1194 fuerunt
845 1129 942 1195 etiam
963 1129 1020 1213 qui
1039 1129 1232 1196 vocabulum
1251 1122 1305 1194 εὖ·

138 1230 267 1313 δείελος
291 1235 499 1320 explicarent,
527 1258 556 1300 v.
585 1235 706 1302 Buttm.
732 1235 818 1304 onil.
845 1235 877 1302 Π
902 1259 932 1321 p.
956 1243 1023 1305 190.
1065 1235 1115 1302 So.
1140 1229 1160 1322 ἡ
1188 1226 1225 1300 εδ
1249 1239 1307 1323 τῆς

136 1344 228 1430 εἴλης
261 1337 380 1424 έίηουσα
410 1343 531 1407 inserto
562 1341 582 1406 δ
610 1347 643 1408 et
678 1365 750 1409 oum
786 1366 898 1429 aspero
931 1343 1063 1428 scripta,
1099 1344 1197 1410 schol.
1227 1369 1239 1409 ι
1265 1351 1302 1413 21

137 1454 268 1538 (Etym.)
294 1451 332 1517 ol.
357 1450 448 1515 Eunt.
477 1454 563 1520 1613.
592 1488 631 1497 -
659 1450 752 1528 Quod
783 1451 851 1516 illio
872 1451 911 1517 de
938 1451 1125 1517 Aristarcho
1151 1453 1305 1518 traditum

135 1561 171 1626 in
208 1555 322 1634 δέελος
352 1556 561 1637 λελευαιχεεη
601 1557 654 1622 hio
689 1558 774 1623 enim
808 1562 846 1623 ut
880 1552 993 1635 δέελσς
1025 1560 1182 1646 acceperit
1213 1561 1305 1626 testis

137 1666 356 1733 Anistonious:
392 1659 412 1751 η
438 1662 544 1750 διπλῆ
565 1655 684 1749 (3166
705 1659 801 1751 ἡμεῖς
822 1660 962 1749 λέγομεν
983 1664 1086 1752 δῆλον
1112 1658 1211 1746 αὐτὸς
1232 1658 1305 1732 εἶπε

138 1770 258 1839 διελών
277 1768 400 1839 δέελον.

219 1902 240 1962 I
259 1905 297 1967 61
321 1895 518 1980 διίξομαι·
545 1890 758 1981 διελεύσομαι
778 1896 820 1964 τὰ
841 1893 1021 1986 πράγματα
1043 1892 1101 1965 ἀπ’
1125 1891 1226 1986 ἀρχῆς
1245 1894 1305 1982 μέ-

136 2029 190 2090 χρι
209 2001 334 2083 τέλους.
378 2000 554 2070 δασυντέον
573 2002 613 2071 τὸ
633 2003 796 2090 διίξομαι·
822 2000 893 2076 ἀπὸ
915 2005 978 2093 μὰρ
998 2010 1059 2073 τοῦ
1079 2007 1141 2072 ἵκω
1163 2003 1305 2092 ἐγένετο·

138 2108 295 2200 ἐπιφέρει
321 2114 400 2198 γοῦν
431 2105 541 2198 ,μίτὰρ
571 2105 609 2177 οδ
634 2109 730 2191 τέλος
759 2113 830 2179 ίκεσ
856 2107 1002 2198 μύθων(
1029 2119 1068 2199 (v.
1095 2119 1155 2200 56).
1190 2116 1306 2201 Α(ΙΝ).

136 2223 210 2290 Ηοο
232 2245 294 2310 ego
317 2222 395 2288 satis
415 2242 527 2287 recens
550 2243 618 2288 esse
640 2222 747 2289 indico
768 2223 925 2290 scholion.

224 2349 257 2411 Ψ
272 2352 329 2416 135
345 2339 596 2411 κατοείνυονε
617 2343 744 2425 δασέως
757 2344 796 2415 τὸ
817 2347 935 2413 εἵνυον·
958 2340 1028 2415 ἀπὸ
1050 2345 1111 2435 γὰρ
1131 2348 1190 2414 τοῦ
1212 2339 1305 2412 είνίω

138 2451 207 2522 ἐστὶ
228 2450 391 2538 θέματος,
416 2444 436 2519 δ
460 2454 630 2541 παρῆκται
651 2451 743 2541 παρὰ
764 2453 803 2522 τὸ
822 2451 866 2520 ἕω
889 2450 1119 2537 δασυνόμενον.

220 2579 294 2646 Sch.
316 2585 410 2663 0352
433 2571 528 2661 ἀνδρὶ
549 2576 733 2667 προΐκτηε
753 2573 847 2667 ίκτης
868 2576 1047 2665 ψιλωτέον,
1070 2575 1162 2663 παρὰ
1184 2578 1246 2665 γὰρ
1267 2575 1306 2646 τὸ

138 2682 370 2772 παραβάλλειν
383 2683 444 2775 την
462 2688 556 2773 χεῖρα
578 2683 635 2752 καὶ
657 2679 759 2752 αἰτεῖν
782 2683 917 2773 δωρεάν.
955 2679 978 2774 ί)
998 2681 1016 2753 ὁ
1037 2684 1104 2772 πρὸ
1123 2690 1182 2753 τοῦ
1204 2680 1308 2753 αἰτεῖν

137 2789 306 2873 ἱκετεύων,
331 2789 361 2860 εί
382 2779 567 2860 δασύνεται.
607 2795 650 2864 Η.
672 2818 697 2861 ε.
718 2789 891 2882 προίκτης,
914 2795 1184 2880 εἱεε1απροῖξ,
1208 2795 1306 2880 προῖ-

138 2928 224 2993 κτης,
246 2905 273 2970 si
296 2908 345 2971 est
366 2896 384 2969 ὃ
406 2899 473 2987 πρὸ
493 2895 653 2970 ἱκετεύων.

219 3028 379 3097 Nonnulli
406 3025 555 3093 ἐνδίεσαν
575 3031 606 3092 Σ
626 3035 687 3098 584
708 3052 775 3096 non
797 3053 816 3095 a
837 3023 932 3117 δίημι
959 3030 1040 3096 illud
1065 3051 1134 3096 εεεε
1155 3031 1306 3114 putantes

137 3140 194 3207 sod
213 3133 340 3203 ἐνίεσαν
355 3138 478 3205 inserto
501 3134 521 3201 δ
544 3138 685 3220 (utitem
699 3138 829 3222 quidam
848 3141 1043 3222 putaverunt
1063 3138 1097 3203 in
1119 3128 1306 3219 εὐδείελος).

136 3247 271 3319 Retiitat
292 3268 347 3313 eos
361 3244 564 3312 Herodianus
579 3247 620 3311 ad
633 3249 663 3308 Σ
678 3251 735 3313 162
758 3239 828 3310 έσιι
848 3241 908 3330 γάρ
930 3269 963 3310 τι
986 3240 1081 3332 δίημι
1101 3246 1201 3332 ῥῆμα,
1224 3234 1302 3327 παρ’
1322 3251 1371 3302 116

138 3341 179 3420 οὗ
208 3349 265 3419 καί
289 3351 328 3420 τὸ
351 3346 465 3418 δίεσαν
485 3352 714 3439 πληθυντικσν
736 3345 781 3430 ὡς
802 3347 969 3418 ἐτίθεσαν·
1001 3347 1133 3432 ‚mitons
1159 3344 1307 3417 ἐνδίεσαν

136 3457 259 3542 ταχέας
278 3452 378 3538 κύνας
399 3452 612 3547 ὀτρύνοντες“
635 3464 731 3545 (584).
767 3456 989 3547 παραιτητέον
1011 3458 1072 3545 γὰρ
1093 3456 1171 3537 τοὺς
1192 3452 1307 3542 οἰομέ-

139 3590 216 3646 νους
246 3564 457 3651 πλεονασμὸν
488 3557 575 3633 εἶναι
598 3572 656 3634 τοῦ
684 3566 704 3632 δ
729 3564 786 3633 καί
816 3563 1028 3646 δασίνσντας·
1067 3561 1219 3633 διδοίσκει
1244 3564 1306 3652 γὰρ

139 3671 229 3763 ἡμᾶς
254 3668 274 3742 ὁ
299 3674 442 3764 ποιητὴς
469 3673 525 3741 καὶ
551 3669 594 3741 δι)
614 3669 717 3762 ίίλλης
737 3670 878 3754 κλίσεως
901 3673 939 3744 τὸ
961 3669 1151 3743 ἀκόλουθον
1172 3670 1307 3762 κίνημα·

140 3777 187 3862 ὡς
203 3779 265 3870 μὰρ
279 3777 443 3863 τίθενται,
466 3779 570 3861 οὕτως
585 3777 723 3848 δίενται·
745 3783 875 3862 ,,ίπποι
890 3777 1087 3868 ἀερσίποδες
1106 3778 1231 3861 πόλεος
1251 3805 1308 3847 πε-

140 3886 231 3957 δίυιο
259 3885 409 3957 δίενταια
436 3893 590 3978 (1141475).
642 3891 688 3958 Of.
715 3893 756 3957 nd
781 3895 811 3954 Σ
829 3897 898 3960 584.
940 3891 1024 3958 Vide
1047 3893 1085 3958 de
1107 3885 1250 3968 ίίναλτος
1269 3893 1309 3956 A

140 4004 201 4068 532
218 4001 271 4084 (1)).
306 3991 522 4084 Πολυδίψιον
534 3992 658 4084 ’Ἀρμος
671 3999 902 4064 nonnullorum
917 4022 965 4085 ap.
980 3999 1083 4067 Strob.
1098 3998 1176 4066 VIII
1189 4023 1220 4085 p.
1237 4003 1307 4067 3⁷0.

141 4144 179 4155 —
203 4099 347 4190 (οὐδᾶλα
367 4130 386 4190 ρ
409 4108 492 4191 455.)
514 4144 554 4154 -
576 4101 709 4192 ξυνέηκε
729 4110 768 4171 A
789 4112 816 4175 8.
851 4099 1041 4189 δνίεμένους
1061 4110 1167 4190 β300.
1196 4102 1307 4190 ἐξέμεν

138 4218 177 4278 Λ
200 4221 267 4282 141.
291 4252 328 4264 -
352 4206 527 4278 δασύνεται
548 4209 586 4277 τὸ
606 4206 783 4301 χρυσήνιος
803 4214 891 4280 Hori.
913 4218 940 4278 o
961 4221 1031 4284 285.
