3008 4980
609 286 641 388 ,3.
666 330 811 401 ἐπίουρος.
1243 343 1300 405 109

135 497 224 581 λων),
238 483 447 581 μετάγγελος,
468 491 656 586 ὑφηνίοχος,
679 491 885 581 δποδμιίς5ί.
922 486 1045 576 Quibus
1066 501 1211 585 proxima
1226 506 1302 566 sunt

134 599 357 691 ἐπιμάρτυρος
382 607 435 687 <H
452 612 500 673 76.
529 628 550 667 α
571 609 651 688 273).
693 607 739 671 Of.
767 605 917 690 Apellen.
944 606 1004 673 Rh.
1031 606 1077 671 IV
1103 614 1164 676 229
1191 611 1301 674 κακῶν

134 707 361 797 ἐπιμάρτυρας
381 707 491 800 ἐργων.
528 712 636 780 Νοττττ,
658 712 759 778 XLVI
780 720 820 781 29
842 710 899 778 καί
920 708 1069 797 κρυφίων
1090 711 1210 794 λεχέων
1232 712 1303 781 ἐπι-

133 814 297 906 μάρτυρές
323 813 388 884 εἶσι
420 815 582 904 κεραυνοί,
635 815 854 901 ἐπιποιμένες
884 820 943 888 Od.
972 843 997 901 μ
1027 826 1093 888 131.
1135 821 1228 900 Quod
1254 829 1303 890 est

136 953 149 993 ι
170 937 231 999 270
252 925 336 1005 Ζεδς
366 922 397 992 δ’
428 922 673 1012 ἐπιτιμήτωρ
700 923 837 992 ἱκετάων
862 951 897 991 τε
923 923 1036 1007 ξείνων
1061 951 1097 992 τε
1124 932 1303 1014 putaverim

136 1039 176 1103 ad
203 1038 289 1103 idem
312 1059 414 1123 genus
436 1037 640 1101 referendum
663 1060 745 1115 esse,
775 1059 848 1101 eum
878 1040 962 1101 certe
986 1038 1119 1101 verbum
1145 1033 1303 1120 ἐπιτιμᾶν

135 1147 277 1210 Homero
300 1145 449 1231 ignotum
468 1145 518 1225 sit,
538 1138 619 1228 τιμή
639 1167 714 1209 vero
737 1145 878 1208 vindicta
898 1145 1063 1211 familiare.
1099 1146 1247 1229 Denique
1268 1147 1302 1210 in

136 1277 266 1319 censum
287 1253 375 1318 venit
396 1249 571 1332 ἐπιίστωρ,
601 1275 632 1339 φ
647 1257 688 1319 26
711 1243 802 1338 aad&
826 1246 1017 1337 Ἡρακλήα,
1039 1249 1191 1335 μεγάλων
1213 1248 1303 1316 ἐπιί-

136 1382 238 1446 στορα
251 1353 362 1446 ἔργων.
383 1359 525 1446 Simplex
538 1353 639 1443 ἴστωρ
657 1363 714 1439 est,
737 1361 823 1443 quod
837 1383 886 1444 ap.
900 1360 1032 1428 Homer.
1059 1363 1088 1422 Σ
1100 1368 1170 1428 501.
1197 1362 1229 1422 Ψ
1242 1366 1303 1428 486

135 1472 251 1534 testem
279 1467 452 1552 signifieat,
485 1489 551 1532 non
578 1468 664 1551 quod
691 1467 820 1532 Passov.
848 1466 931 1545 vult,
964 1468 1128 1532 arbitrum.
1170 1467 1303 1551 Proprie

136 1577 296 1662 significat
312 1598 456 1661 gnarum,
476 1579 513 1640 ut
527 1574 634 1660 hymn.
655 1575 690 1638 in
703 1574 826 1640 Lunam
839 1573 957 1640 XXXII
974 1582 993 1642 2
1014 1569 1171 1660 ἡδυεπεῖς
1185 1578 1305 1659 κοῦραι

136 1678 308 1767 Κρονίδεω
338 1677 437 1760 Διός,
471 1675 599 1767 ἴστορες
628 1673 725 1768 ᾠδῆς.
777 1683 852 1748 Hes.
888 1683 945 1766 Op.
973 1689 1033 1750 792
1064 1675 1175 1746 εἰκάδι
1206 1675 1238 1745 d’
1271 1680 1305 1747 ἐν

135 1786 262 1879 μεγάλη
283 1786 377 1875 πλέῳ
397 1782 503 1876 ήματι
517 1784 634 1874 ἴστορα
657 1792 753 1878 φῶτα
775 1785 968 1873 γείνασθαι·
990 1784 1083 1872 μάλα
1099 1783 1160 1874 γάρ
1178 1812 1214 1854 τε
1228 1783 1306 1855 νόον

136 1893 391 1980 πεπυκασμένος
411 1893 506 1964 ἐστίν.
544 1898 643 1983 Soph.
669 1898 719 1965 El.
742 1904 801 1966 840
827 1890 919 1981 κάγὼ
945 1889 1038 1962 τοῦδ)
1065 1890 1179 1982 ἰ’στωρ,
1207 1891 1306 1981 ὑπερ-

138 2002 246 2092 ίστωρ.
290 2006 375 2072 Illud
392 2000 546 2090 μεγάλων
566 2001 742 2091 ἐπιίστορα
764 1999 866 2089 ἔργων
887 2028 953 2070 non
976 2028 1048 2070 cum
1069 2006 1229 2072 veteribus
1252 2029 1305 2070 ex-

137 2117 222 2202 plico
258 2136 451 2201 magnorum
480 2114 627 2179 laborum
652 2135 788 2199 gnarum
815 2115 853 2197 (v.
880 2113 983 2180 Strab.
1011 2113 1026 2177 Ι
1053 2137 1083 2198 p.
1109 2116 1155 2196 9),
1190 2115 1246 2178 sed
1271 2115 1306 2178 in

139 2225 270 2290 crimine
297 2212 356 2306 (sc.
383 2222 546 2307 Autolyci,
579 2223 635 2306 qui
661 2245 760 2306 equas
787 2223 997 2307 surripuerat,
1033 2222 1146 2286 deinde
1173 2211 1306 2286 Herculi

138 2332 335 2414 vendiderat)
362 2331 526 2396 conscium
534 2331 572 2393 ⁵8.
611 2331 683 2394 Hoe
705 2326 864 2414 ἐπιίστωρ
885 2353 943 2414 pro
965 2331 1120 2415 „peritae
1141 2332 1306 2394 mutuatus

139 2446 189 2508 est
209 2440 361 2526 Apollon.
383 2437 415 2503 Π
430 2444 498 2506 872.
519 2437 566 2503 IV
590 2446 669 2506 1558
691 2440 798 2523 (νηῶν,
820 2429 957 2520 πόντου)
979 2461 1038 2521 pro
1057 2437 1239 2518 ‚‚eonsaius“
1259 2436 1307 2502 IV

140 2558 192 2630 16,
221 2571 279 2634 pro
306 2547 430 2626 ,‚testis“
456 2545 504 2611 IV
526 2551 575 2613 89.
603 2584 642 2593 -
671 2545 730 2624 Qu.
751 2545 815 2611 Sm.
843 2549 875 2608 Γ
892 2551 952 2614 203
982 2537 1077 2625 άνδρί
1101 2539 1305 2630 πολυκμήτῳ

137 2658 281 2744 μογερής
299 2651 467 2737 ἐπιίστορι
485 2648 602 2739 θήρης.
637 2653 710 2718 Ηοο
731 2677 798 2718 non
821 2654 1042 2732 dubitandum,
1064 2653 1142 2736 quin
1164 2647 1308 2733 ἐπαμύν-

137 2789 204 2849 τωρ
230 2787 258 2827 π
278 2769 338 2832 263
365 2766 398 2828 et
425 2785 463 2828 ex
489 2761 668 2826 Aristarchi
692 2761 831 2826 lectione
858 2765 893 2823 N
912 2766 972 2828 384
1000 2751 1082 2846 dtd'
1111 2753 1306 2843 ἐπαμύντωρ

137 2895 197 2960 pro
218 2862 325 2959 ήλθεν
347 2863 497 2952 άμάντωρ
520 2869 620 2952 (quod
642 2873 749 2933 tamen
771 2864 878 2936 Ξ449
899 2871 931 2932 et
957 2869 1063 2935 0540
1090 2867 1130 2932 ab
1153 2890 1190 2932 eo
1214 2868 1306 2933 aliter
1318 2880 1390 2951 (117)

139 2983 294 3067 seriptum
316 3001 384 3044 esse
406 3000 473 3042 non
495 2977 660 3059 traditum)
683 2980 716 3040 et
737 2969 911 3058 ἐπαρωγός
932 2973 952 3036 λ
975 2981 1035 3043 498
1056 2979 1142 3040 recte
1165 2976 1306 3040 diceren-

139 3095 205 3170 tur,
236 3086 360 3152 etiamsi
391 3085 442 3149 his
474 3085 571 3149 verba
598 3084 777 3168 composita
810 3078 1001 3164 ἐπαμύνειν,
1038 3075 1217 3168 ἐπαρήγειν
1242 3104 1308 3145 non

139 3197 283 3263 subiecta
305 3196 420 3258 essent.
471 3191 517 3257 Cf.
540 3193 571 3254 A
591 3196 652 3258 235
680 3183 716 3255 οὐ
744 3187 806 3275 γὰρ
832 3185 890 3254 ἐπὶ
910 3184 1073 3278 ψεύδεσσι
1094 3185 1204 3274 πατήρ
1226 3185 1309 3263 Ζεὺς

135 3295 246 3378 ἔσσετ’,
264 3293 437 3386 άρωγὸςῡθ.
458 3336 500 3346 -
518 3291 664 3384 Ὀπηδός
686 3301 735 3362 est
756 3298 864 3382 hymn.
886 3297 983 3362 Mera.
1006 3305 1076 3366 450.
1111 3289 1306 3382 συνοπηδός,

140 3403 327 3485 συνοπαδός
348 3408 489 3492 antiqua.
526 3406 670 3471 Verbum
690 3404 886 3491 συνοπηδεῖν
907 3406 958 3470 vel
978 3407 1086 3490 potius
1109 3403 1309 3470 συνοπαδεῖν

140 3545 179 3587 ex
199 3516 385 3605 Byzantinis
407 3514 545 3580 affertur.
581 3506 758 3583 συνοπάοιν
780 3513 878 3598 Orph.
900 3513 1007 3598 hymn.
1028 3514 1115 3578 XXX
1136 3521 1163 3581 5.

220 3625 326 3702 Nihil,
347 3627 384 3687 ut
409 3622 497 3709 haee
516 3622 689 3706 stringam,
715 3623 800 3706 apud
825 3622 1004 3687 Homerum
1029 3621 1183 3686 incertius
1212 3645 1309 3705 quam
1328 3637 1375 3689 110

140 3735 296 3805 eiusmodi
321 3731 523 3798 substantiva
547 3752 615 3794 rem
645 3730 826 3794 indicantia.
868 3724 1076 3813 Ὑπόκυκλα,
1110 3734 1148 3794 ut
1180 3730 1308 3814 quidam

209 3973 234 4013 57
251 3970 380 4026 Imitatus
407 3972 448 4025 est
470 3969 561 4052 Matre
583 3969 649 4023 Ath.
672 3969 712 4022 IV
736 3970 800 4025 leaf
826 3959 997 4040 κυαυάχρως
1019 3961 1047 4022 δ’
1070 3960 1155 4038 άμίας
1179 3966 1228 4026 ἐπὶ
1245 3976 1308 4032 τοῖς

139 4057 241 4128 μέγας,
261 4045 329 4111 ὅστε
345 4048 495 4123 θαλάσσης
511 4070 604 4122 πασης
620 4050 731 4124 βένθεα
749 4045 820 4117 οἶδε,
837 4041 1047 4117 Ποσειδάωνος
1062 4048 1211 4122 ὑποδμώς.

207 4143 233 4184 5⁸
249 4138 326 4211 μέγα
347 4133 436 4210 ἔργον
457 4137 604 4193 scelestum
625 4137 732 4193 facinus
749 4157 767 4206 γ
786 4141 844 4192 261.
862 4167 896 4176 -
913 4140 1012 4192 κακῶν
1028 4133 1198 4210 ἐπιίστορας
1215 4135 1311 4208 ἔργων

142 4225 208 4294 „qui
223 4224 276 4280 sibi
293 4222 395 4279 conscii
412 4224 492 4276 sunt“
511 4222 583 4277 dixit
600 4221 718 4288 Quintus
735 4223 800 4275 XHI
819 4226 875 4277 373.

208 4313 234 4353 59
250 4301 425 4379 Ἐπαρηγαίυ,
443 4306 518 4374 quod
533 4307 669 4362 Homerus
684 4325 742 4362 nen
759 4307 853 4376 habet,
871 4308 947 4377 apud
959 4306 1139 4378 Apollonium
1157 4308 1198 4361 est
1209 4305 1222 4358 I
1235 4308 1307 4359 1039.

142 4394 181 4447 IV
199 4399 256 4450 858.
