3008 4980
199 333 239 394 56
285 322 321 379 IL
351 320 392 379 De
409 322 586 378 Aristarchea
602 321 799 379 vocabulorum
815 319 1023 376 Homericorum
1040 314 1279 391 interpretatione.

165 532 171 549 ι
198 496 235 556 ut
255 497 315 560 283
338 485 370 577 (ἦ
395 488 510 579 διπλῆ)
536 485 589 556 ὅτι
608 485 751 575 βέβληκέ
770 486 808 555 τὸ
832 482 911 573 δόρυ
934 480 1151 567 όἈχιλλεός,
1176 482 1214 553 οὗ
1238 483 1368 566 νένοχεν

199 594 236 661 έκ
257 593 376 682 χειρός,
401 593 511 681 ὥσπερ
533 589 720 683 Ζηνόδοτος
745 591 941 684 πεποίηκεν·
968 593 1006 661 τὸ
1033 592 1095 680 γὰρ
1121 594 1196 679 ἄγχι
1218 597 1368 684 ιιαγίγαι

199 697 259 769 οὐκ
287 697 397 781 tatae
424 697 557 790 έοτινῆ
583 700 619 769 da
647 700 845 789 προθέσεως
871 705 968 785 (recte
989 702 1155 769 Bekkcrus
1183 703 1367 768 emendavit

197 806 366 894 προέοεοις
386 812 464 898 <hoc
485 813 582 878 etiam
599 813 635 877 in
656 813 724 878 cod.
746 813 837 897 est>):
858 811 937 876 item
958 811 998 874 ad
1019 817 1088 878 279.
1110 816 1180 878 346.
1215 810 1366 894 Denique

147 915 149 919 ’
197 920 236 981 Λ
257 924 317 988 439
337 919 371 983 in
393 919 571 985 Aristarchi
592 921 732 986 editione
753 920 816 985 fuit

388 1029 453 1110 γνῶ
476 1020 507 1091 δ’
529 1021 686 1103 Ὀδυσεὺς
707 1023 727 1090 ό
749 1019 782 1091 οἱ
802 1019 876 1092 οότι
895 1020 991 1101 τέλος
1012 1018 1229 1107 κατακαίριον
1251 1013 1368 1109 ἦλθεν.

197 1131 260 1198 Hic
273 1137 423 1198 notatum
439 1135 591 1220 legimus:
612 1128 800 1220 Ζηνόδοτος
815 1128 851 1197 δέ
866 1126 987 1220 γράφει
1008 1127 1119 1214 βέλος·
1143 1122 1182 1195 οὗ
1204 1125 1368 1216 βέβληται

198 1237 236 1305 δέ
247 1241 309 1325 ³³⁵,
333 1232 406 1304 ἀλλ’
430 1237 466 1305 έκ
486 1239 597 1325 χειρὸς
617 1238 777 1327 πέπληγε.
814 1239 961 1318 Quocum
982 1239 1019 1306 cf.
1041 1247 1099 1306 451

426 1350 505 1435 φθῆ
525 1367 562 1411 σε
582 1344 678 1425 τέλος
698 1341 865 1412 θανάτοιο
887 1343 1060 1435 κιχήμενον
1080 1369 1137 1409 -.·

197 1450 368 1543 πρόδηλον
389 1448 452 1520 κάκ
472 1452 589 1522 τούτου
611 1452 664 1520 ότι
685 1452 850 1540 γραπτέον
874 1452 995 1533 ,,τέλος
1015 1447 1258 1536 κατακαίριον(
1274 1455 1368 1535 (439).

198 1555 384 1647 Ζηνόδοτος
410 1559 447 1627 δέ
472 1556 596 1651 γράφει
617 1557 721 1628 πόλιν
746 1566 848 1650 „cdd
873 1584 910 1626 οε
930 1558 1030 1645 βέλος
1050 1555 1252 1627 cavarocca
1294 1560 1368 1626 Hoc

197 1671 285 1748 loco,
312 1675 349 1736 ut
375 1693 469 1755 saepe
491 1671 570 1736 haec
594 1671 798 1736 Aristarchea
822 1670 946 1734 lumina
970 1669 1114 1749 intuens,
1140 1669 1251 1734 dolore
1278 1689 1368 1732 com·

199 1799 337 1856 moveor,
359 1781 516 1861 quantum
531 1778 571 1843 ab
586 1777 646 1842 hac
669 1779 787 1842 criseos
801 1777 990 1842 Homericae
1011 1777 1206 1861 praestantia
1228 1774 1369 1861 diligen·

199 1885 308 1969 tiaque
330 1884 426 1950 hodie
448 1885 598 1949 absimus.
638 1884 769 1950 Etenim
795 1885 863 1969 ipse
885 1883 1025 1949 Wolfius
1046 1884 1152 1968 priore
1173 1883 1246 1948 loco
1268 1877 1370 1966 βέλος

200 1991 308 2070 edidit,
332 2014 404 2057 cum
423 1995 531 2057 tamen
554 1995 586 2056 et
605 1992 668 2056 ista
689 1993 797 2058 omnia
817 1993 1005 2078 gravissima
1026 1991 1091 2056 sint
1111 1996 1143 2056 et
1156 1986 1251 2066 τέλος
1264 2012 1368 2053 κατα-

198 2092 330 2182 καίριον
355 2100 453 2186 longc
481 2099 670 2184 exquisitior
696 2100 793 2166 lectio
824 2100 867 2164 sit
894 2103 927 2164 et
951 2100 1108 2184 Didymus
1137 2101 1276 2164 testetur
1300 2120 1368 2163 non

199 2204 420 2271 Aristarcheas
435 2207 540 2272 solum
553 2208 710 2273 editiones
724 2209 842 2273 habere
859 2203 964 2285 τέλος,
981 2208 1038 2272 sed
1052 2207 1148 2272 addat
1160 2204 1239 2290 ,,καί
1252 2203 1369 2285 σχεδὸν

200 2307 353 2376 ἅπασαιέ(
376 2317 409 2378 et
430 2336 506 2380 vero
528 2338 579 2380 res
600 2315 672 2400 ipsa
693 2315 833 2380 declaret
852 2315 931 2380 haec
954 2336 993 2380 cx
1014 2314 1104 2380 codd.
1127 2336 1210 2379 esse:
1232 2314 1320 2398 quod
1334 2315 1369 2378 ni

135 2425 188 2496 (67)
200 2420 247 2483 ita
268 2423 353 2484 esset
372 2420 509 2486 alterum
524 2423 564 2486 ad
585 2422 720 2487 alterum
742 2421 995 2487 confirmandum
1015 2424 1183 2487 admovere
1205 2425 1291 2487 esset
1311 2422 1368 2485 ab·

151 2538 183 2588 56
201 2528 341 2592 surdum.
353 2528 382 2570 3⁴
420 2527 514 2605 Quod
529 2530 567 2593 de
588 2531 686 2594 verbo
708 2524 847 2611 βάλλειν
867 2529 961 2608 valet,
983 2530 1068 2594 idem
1088 2531 1126 2594 de
1142 2530 1242 2596 subst.
1262 2525 1369 2612 βέλος.

265 2763 310 2805 ³8⁸
328 2760 418 2832 <Quae
441 2761 471 2814 in
492 2761 587 2817 codice
604 2761 747 2831 leguntur,
772 2754 939 2831 Ζηνόδοτος
963 2759 995 2817 a
1016 2761 1124 2832 γράφει
1141 2761 1241 2833 βέλος,
1258 2767 1367 2827 κακῶς·

200 2844 234 2901 οὐ
251 2845 388 2919 βέβληται
406 2845 447 2909 δέ,
467 2846 576 2901 {acilius
593 2846 633 2901 ita
652 2846 784 2915 corrigas,
803 2850 836 2901 ut
851 2845 987 2902 vocabulo
1006 2851 1106 2911 κακῶς
1122 2849 1233 2902 retento
1251 2844 1285 2902 ot
1302 2844 1369 2918 βέβ-

87 2931 89 2934 ’
199 2932 283 3000 ληται
301 2926 366 3000 γάρ
384 2929 508 2998 scribas>

135 3018 188 3090 (67)
267 3017 293 3056 ³4
327 3013 447 3068 Omnino
460 3014 577 3069 Wolfius
588 3014 619 3068 in
630 3032 662 3070 ec
680 3014 794 3071 mirifice
810 3016 904 3086 lapsus
922 3018 964 3071 est
981 3018 1067 3085 atque
1085 3032 1103 3068 a
1119 3032 1148 3069 se
1165 3014 1224 3084 ipse
1242 3013 1368 3077 descivit,

87 3150 88 3155 ,
200 3099 275 3167 quod
292 3098 383 3152 minus
396 3115 480 3168 quam
496 3115 548 3168 par
566 3101 627 3153 erat
642 3099 824 3155 Aristarcheis
835 3100 1002 3155 lectionibus
1014 3099 1166 3154 Homerum
1183 3116 1264 3153 suum
1281 3098 1370 3170 appli-

200 3183 265 3239 cuit.
298 3183 370 3237 Nam
393 3183 536 3253 cumipse
559 3183 643 3254 (quae
665 3183 722 3238 eius
745 3183 909 3238 immortalis
930 3184 990 3238 laus
1013 3184 1064 3253 est)
1088 3183 1225 3238 docuisset
1248 3184 1368 3252 egregie,

201 3284 285 3335 quam
297 3267 327 3321 in
338 3268 391 3322 hoc
402 3267 517 3322 Homeri
532 3267 708 3337 perpoliendi
724 3267 837 3337 negotio
856 3269 910 3323 toti
926 3267 1098 3338 pendeamus
1115 3269 1151 3322 ab
1163 3267 1369 3330 Alexandrinis,

200 3369 256 3406 non
267 3351 358 3406 abhis
371 3351 420 3421 qui
430 3352 516 3420 vulgo
528 3352 657 3406 feruntur
668 3351 817 3417 codicibus,
836 3352 967 3407 continuo
981 3369 1152 3420 consequens
1169 3355 1230 3407 erat
1247 3354 1279 3406 ut
1298 3369 1370 3421 qnae

200 3435 324 3489 omnium
341 3435 593 3491 Alexandrinarum
611 3435 766 3491 editionum
788 3439 816 3491 et
834 3435 900 3491 olim
916 3437 999 3506 longe
1017 3436 1115 3491 habita
1132 3439 1174 3490 est
1191 3435 1369 3506 praestantis-

200 3519 270 3573 sima
281 3523 310 3575 et
326 3520 434 3590 abipso
452 3522 527 3575 certe
544 3521 597 3574 hac
613 3520 696 3575 laude
714 3520 856 3575 cumulata
873 3523 903 3575 et
919 3520 1044 3590 tingendi
1060 3520 1179 3574 audacia
1195 3520 1310 3574 minime
1328 3538 1371 3575 su·

201 3606 304 3673 specta,
324 3621 357 3659 ea
374 3604 454 3659 nobis
472 3604 552 3673 quasi
568 3605 615 3658 lex
632 3607 703 3658 esset
720 3607 750 3659 et
766 3620 870 3668 norma,
889 3604 942 3659 nisi
959 3604 1028 3673 quid
1044 3605 1075 3658 in
1092 3604 1146 3658 ista
1163 3607 1313 3674 peccatum
1330 3604 1371 3659 in·

153 3693 185 3743 tt
202 3691 317 3743 ventum
335 3691 406 3744 esset
423 3706 440 3743 a
458 3689 657 3744 consuetudine
674 3691 775 3759 poetae
787 3689 870 3759 plane
889 3690 1030 3743 absonum.
1056 3689 1093 3742 Et
1109 3689 1195 3743 sensit
1211 3688 1240 3743 in
1257 3689 1311 3744 hoc
1330 3689 1370 3742 in-

201 3773 386 3828 constantiam
397 3791 487 3828 suam:
506 3774 642 3829 recensita
654 3771 730 3828 enim
739 3773 808 3828 serie
820 3773 980 3837 lectionum,
994 3790 1066 3842 quae
1078 3771 1123 3828 vel
1134 3777 1232 3843 aperte
1244 3772 1372 3828 meliores

201 3857 246 3911 vel
262 3858 487 3928 aequiparandae
509 3859 630 3929 vulgatis
648 3875 681 3913 ex
698 3857 876 3912 Aristarchea
899 3857 1022 3913 editione
1044 3875 1062 3911 a
1084 3874 1141 3912 sese
1159 3861 1289 3927 receptae
1307 3858 1371 3923 sint,
1403 3865 1407 3873 '

200 3941 253 3995 hoc
265 3942 346 3996 addit
362 3942 526 3997 vaticinium
545 3944 582 4015 (p.
596 3942 710 4013 COXL):
728 3942 781 4008 „ut
792 3944 857 3996 sunt
868 3941 930 4006 alia,
948 3943 979 3995 in
991 3941 1091 4011 quibus
1103 3942 1255 3997 admodum
1266 3959 1371 4006 vereor,

200 4043 236 4081 ne
253 4026 342 4081 futuri
355 4027 411 4082 sint
428 4027 517 4092 multi,
538 4028 587 4097 qui
604 4028 767 4082 tarditatem
784 4043 876 4080 meam
894 4026 1055 4082 mirentur.·‘
1084 4026 1140 4081 Nos
1157 4026 1221 4081 ideo
1238 4026 1373 4080 miramur

201 4111 299 4176 minus,
318 4111 394 4181 quod
407 4129 501 4167 causas
513 4112 571 4167 eius
583 4112 681 4167 erroris
693 4110 849 4182 perspicere
861 4110 995 4166 videmur.
1026 4110 1139 4167 Scilicet
1150 4111 1185 4166 de
1197 4110 1373 4181 praestantia

201 4195 395 4252 Aristarcheae
412 4196 541 4252 editionis
553 4198 583 4251 in
595 4196 754 4251 universum
772 4195 887 4265 quidem
904 4195 971 4250 satis
987 4195 1040 4250 sibi
1056 4194 1173 4250 Wolfius
1190 4197 1371 4265 persuaserat,

202 4280 237 4336 de
254 4280 308 4337 fide
332 4284 360 4336 et
382 4276 550 4337 auctoritate
567 4298 624 4336 non
641 4280 714 4337 satis.
751 4279 902 4335 Resederat
919 4279 1034 4350 quidam
1054 4280 1085 4334 in
1107 4281 1201 4336 animo
1223 4280 1282 4334 eius
1298 4297 1371 4334 scru-

202 4366 284 4435 pulus
296 4368 411 4436 propter
428 4366 533 4430 falsam
551 4383 635 4434 quam
653 4365 687 4420 de
705 4363 834 4420 universa
851 4369 911 4421 arte
929 4364 1025 4419 critica
1042 4367 1169 4419 veterum
1186 4364 1238 4419 sibi
1255 4364 1373 4419 finxerat
