3008 4980
206 308 243 368 14
486 299 509 356 I.
527 296 568 353 De
586 297 711 355 fontibus
729 298 873 354 doctrinae
891 298 1092 357 Aristarcheae.

134 456 139 467 ’
202 487 260 530 suo
289 485 378 529 more
405 466 552 547 descivit,
579 468 667 551 quod
692 467 776 533 forte
802 490 869 533 non
889 469 1088 533 meminerat.
1132 467 1218 546 Quin
1240 473 1385 556 gratiam

200 572 369 638 habiturus
407 572 505 639 firerit
539 576 805 642 animadvertenti
840 598 907 641 non
942 565 1155 641 dubitandum
1191 581 1249 642 est.
1307 583 1383 648 (05

200 671 301 761 ι’·’ματι
322 682 369 764 τῷ
395 676 546 766 προτέρῳ
574 677 627 746 ὅτε
646 680 783 764 μαίνετο
805 678 965 767 φαίδιμος
977 677 1125 766 Ἕκτορι
1146 687 1242 749 τοῦτο
1265 678 1308 749 άν
1330 709 1385 764 τις

201 782 423 880 σημειώσαιτο
445 784 531 872 πρὸς
552 787 590 854 τὸ
609 783 782 856 τινάσσετο
801 785 1019 873 μαινομένοιο
1041 791 1190 876 (0009)·
1210 786 1384 882 γράφουσι

201 887 263 978 γάρ
284 916 372 973 τινες
382 889 618 980 μαρναμένοιο.
643 899 676 961 Ψ
694 905 752 966 120
768 892 1044 986 διαπλήσσοντεςε
1066 896 1382 985 παρασημεπίσαιτο

201 998 240 1066 άν
260 1025 312 1080 τις
330 1004 426 1068 τοίτο
447 1000 533 1088 πρὸς
551 1001 590 1071 τὸ
613 1001 648 1069 ἕν
660 1009 702 1094 τῇ
714 998 890 1093 Ὀδυσσείᾳ
905 1008 936 1088 (κ
950 1011 1023 1087 440)
1045 1007 1108 1091 »τῷ
1129 1001 1162 1072 oi
1177 999 1383 1098 ἀποπλήξας

200 1104 370 1198 κεφαλήνα
391 1110 504 1191 (altera
516 1111 563 1176 ibi
577 1111 674 1179 lectio
694 1119 763 1180 erat
777 1106 986 1198 ἀποτμήξας)
1007 1105 1081 1178 άντὶ
1100 1116 1160 1179 τοῦ
1182 1107 1381 1204 ἀποκόψας.

159 1229 191 1280 14
282 1218 349 1284 llos
370 1218 460 1284 locos
488 1224 663 1304 praetereo,
685 1221 741 1306 qui
761 1221 937 1287 Aristonici
963 1242 1030 1287 non
1051 1226 1136 1298 sunt,
1158 1224 1216 1289 ubi
1237 1242 1382 1310 σημοιυν

201 1319 276 1390 τίον
300 1326 350 1391 vel
372 1324 604 1412 σημειούμεθα
631 1332 681 1394 est
710 1329 836 1416 vulgari
856 1352 965 1395 seusu:
991 1328 1069 1407 „hoc
1091 1331 1237 1396 attende“
1256 1331 1308 1397 vel
1329 1332 1380 1410 „h

200 1432 223 1497 l.
243 1433 438 1499 notandum‘
460 1437 499 1525 ut
518 1437 562 1518 (Γ
579 1440 652 1520 300)
681 1441 711 1499 Φ
734 1442 803 1505 588.
846 1436 910 1504 Sed
931 1438 994 1502 hoc
1014 1438 1151 1504 fortasse
1183 1438 1380 1506 commemoss

201 1543 326 1608 ratione
348 1527 482 1628 dignum
505 1544 592 1628 quod
618 1548 667 1611 est
693 1549 731 1608 X
749 1550 820 1624 370,
848 1545 905 1610 ubi
928 1545 1008 1611 haec
1035 1547 1224 1612 Aristonici:
1246 1545 1288 1611 τά
1314 1545 1384 1634 γάρ

199 1650 337 1714 τοιαῦτα
373 1645 586 1736 ἕσημτιοῦντο
622 1648 707 1733 πρὸς
741 1650 848 1733 κρίσιν
883 1646 1092 1739 ποιημάτων,
1134 1649 1187 1718 ὅτι
1228 1649 1381 1734 σπανίως

192 1752 339 1842 Ὅμηρος
364 1753 583 1841 κακομέτρους
609 1763 710 1827 ποιεῖ.
752 1761 821 1825 Aut
847 1757 975 1845 scripsit
1002 1756 1198 1847 ἕσημειοάτο
1223 1765 1281 1828 aut
1301 1764 1379 1829 Ari-

199 1863 321 1930 starchi
351 1864 501 1949 aequales
533 1865 706 1951 discipulos
736 1867 788 1933 vel
817 1869 1087 1935 contubemales¹
1123 1871 1378 1955 comprehendit,

136 1981 191 2052 (17)
205 1992 342 2056 quorum
374 1994 472 2056 opera
498 1974 703 2040 Aristarchus
731 1998 808 2041 usus
833 1979 883 2041 est
891 1977 913 2040 ².
960 1976 1108 2042 Diximus
1135 1978 1174 2042 de
1199 1977 1379 2044 Aristonici

270 2242 281 2283 1
300 2240 412 2296 Sueten.
430 2238 528 2295 illustr.
547 2257 588 2309 gr.
608 2243 622 2292 λ
643 2238 770 2309 „Gnipho
782 2271 816 2280 -
827 2240 1012 2297 Alexandriae
1030 2242 1152 2311 quidem,
1170 2247 1203 2299 ut
1215 2242 1303 2312 aliqui
1320 2247 1379 2299 tra·

203 2325 287 2392 dunt,
308 2325 339 2379 in
356 2323 539 2380 contubernio
557 2322 682 2392 Dionysii
704 2323 945 2393 Scytobrachionis
967 2326 1101 2382 -fuisse
1119 2327 1244 2382 dicitur“.
1262 2329 1378 2383 -Per-

200 2425 296 2464 saenm
313 2427 376 2464 cum
392 2409 500 2463 Zenone
518 2408 651 2478 magistro
668 2408 699 2462 in
716 2409 815 2464 eadem
832 2410 915 2467 domo
927 2411 1075 2476 habitasse,
1093 2412 1175 2481 patet
1186 2429 1220 2467 ex
1231 2411 1379 2468 historiola

200 2495 237 2549 ab
254 2495 400 2550 Athenaeo
418 2492 524 2548 tradita
540 2493 688 2575 XIII-6070
705 2496 777 2564 φησὶ
799 2496 856 2567 γάρ
876 2488 1038 2566 Ἀντίγονος
1061 2486 1077 2552 ά
1098 2497 1268 2567 Καρύστιος
1283 2495 1316 2553 ἐν
1334 2503 1379 2572 τῷ

200 2580 269 2649 περὶ
290 2581 426 2649 Ζήνωνος
448 2575 573 2649 γράφων
591 2579 649 2632 eos
671 2580 790 2648 „Zq'vov
812 2577 828 2634 ό
850 2580 978 2647 Κιτιεύς,
1005 2582 1155 2652 Περσαίου
1183 2579 1263 2652 παρὰ
1283 2581 1380 2638 πότον

201 2658 386 2734 αὐλητρίδιον
406 2661 577 2736 πριαμένου,
600 2664 790 2728 διοκνοῦντος
812 2663 981 2734 εἰσαγαγεῖν
1000 2665 1076 2736 πρὸς
1092 2662 1183 2720 αὐτόν
1208 2663 1256 2721 διά
1273 2666 1307 2721 τό
1325 2668 1379 2736 την

202 2746 291 2818 αὐτὴν
313 2746 407 2804 οἰκεῖν
429 2743 542 2804 οἰκίαν*
564 2779 605 2801 -.
627 2746 670 2803 De
692 2749 876 2805 contubernio
897 2749 1113 2820 intelligendum
1137 2748 1249 2804 videtur
1271 2749 1378 2805 hocin

201 2833 250 2888 vit.
268 2832 397 2904 Apollon.
416 2832 518 2888 Rhodii
536 2837 577 2904 (p.
590 2839 631 2902 to,
649 2839 664 2888 3
683 2833 844 2901 Westerm.>
857 2830 975 2904 ἐγένετο
994 2826 1019 2888 δ’
1036 2829 1085 2889 ἐπὶ
1101 2838 1163 2889 τῶν
1174 2834 1378 2904 Πτολεμαίων,

200 2917 235 2973 τό
253 2916 308 2986 μὲν
325 2922 447 2989 πρῶτον
464 2911 561 2975 σννών
572 2916 751 2990 Καλλιμάχῳ
773 2923 815 2991 τῷ
833 2913 898 2990 ίδίφ
917 2916 1089 2990 διδασκάλῳ.
1124 2918 1209 2988 Apud
1227 2916 1324 2977 Galen.
1342 2920 1378 2975 de

200 3001 263 3057 libr.
281 3021 322 3072 pr.
340 3003 371 3057 T.
389 3003 455 3058 XIX
476 3003 532 3074 (K.)
550 3022 579 3073 p.
597 3008 630 3058 43
647 3003 701 3057 hoc
717 3001 847 3071 legimus:
871 2997 915 3059 tu
936 3001 969 3058 δὲ
991 3009 1060 3066 παῖς
1082 2995 1131 3067 ὤν,
1153 2998 1238 3073 ἡνίκα
1255 3007 1378 3075 πρῶτον

135 3085 219 3154 (17)δ
238 3090 334 3158 πατὴρ
351 3105 388 3155 με
405 3092 448 3161 τῷ
464 3091 517 3158 τὴν
534 3089 654 3157 λογικὴν
663 3088 795 3158 διωρίαν
804 3088 979 3158 Χρυσίππου
996 3089 1047 3143 καὶ
1062 3092 1124 3141 τῶν
1140 3083 1271 3151 ἐνδόξων
1281 3089 1378 3142 Στωϊ-

200 3173 263 3225 κυίν
279 3169 429 3235 διδάξαντι
445 3170 626 3241 παρέδωκεν,
645 3167 826 3241 ἐποιησάμην
843 3170 876 3226 ἐν
893 3170 974 3243 αὐτῷ
995 3176 1056 3227 τῶν
1076 3173 1254 3244 Χρυσίππου
1276 3173 1378 3226 συλλο-

201 3258 341 3324 μυστικῶν
357 3256 476 3326 βιβλίων
493 3253 694 3325 ὑπομνήματα.
728 3254 793 3309 Non
810 3253 939 3326 intelligo
961 3253 994 3311 ἐν
1012 3256 1103 3329 αδτῴ;
1127 3255 1176 3310 sed
1198 3255 1378 3310 scribendum

202 3338 302 3408 opinor
323 3338 357 3394 ἐν
378 3336 468 3394 αὐτοῦ
489 3341 520 3394 et
545 3339 580 3394 de
607 3339 788 3394 contubernio
818 3340 1007 3409 cogitandum.
1034 3372 1067 3381 —
1093 3340 1180 3396 Persii
1208 3343 1238 3395 et
1260 3339 1377 3395 Cornuti

202 3423 417 3479 contubernium
434 3440 554 3494 agnosco
571 3426 602 3479 in
617 3423 812 3495 pulcherrimis
835 3428 936 3493 poetae
959 3424 1084 3480 versibus
1102 3428 1152 3480 sat.
1172 3425 1196 3479 V
1214 3430 1244 3480 41
1265 3442 1326 3494 sqq.
1343 3455 1378 3466 -

200 3506 304 3562 Fronto
327 3508 438 3578 epistol.
460 3510 497 3563 ad
519 3509 623 3564 amicos
640 3509 653 3562 I
672 3513 702 3563 13
720 3526 748 3577 p.
769 3513 816 3564 198
840 3509 874 3563 N.
898 3507 1027 3574 „Sardius
1052 3508 1218 3564 Saturninus
1239 3507 1378 3564 artissima

200 3591 271 3646 mihi
288 3593 481 3650 familiaritate
498 3593 663 3649 coniunctus
683 3594 725 3648 est
741 3609 792 3662 per
809 3593 879 3648 filios
899 3611 961 3648 suos
973 3593 1146 3649 doctissimos
1165 3593 1288 3656 iuvenes,
1307 3610 1377 3662 quos

201 3677 232 3733 in
249 3678 431 3733 contubernio
449 3696 558 3733 mecum
575 3679 705 3734 adsiduos
722 3678 839 3733 habe0.“
862 3677 900 3733 llt
916 3695 959 3748 ep.
974 3677 1166 3747 subsequenti:
1186 3677 1314 3742 „Sardius
1331 3677 1377 3732 Sa-

201 3763 332 3816 turninus
349 3761 437 3816 filium
453 3763 541 3817 habet
558 3763 687 3818 Sardium
704 3763 821 3834 Lupum,
839 3763 874 3818 dc
891 3779 954 3817 mea
971 3764 1054 3819 domo
1064 3779 1182 3832 meoque
1194 3762 1377 3818 contubernio

201 3846 231 3900 in
249 3845 339 3901 forum
357 3847 534 3902 deductum
568 3846 696 3916 Denique
715 3847 749 3903 cf.
768 3865 811 3917 ep.
832 3853 871 3902 24.
891 3852 931 3902 28.
1150 3914 1152 3919 Ι

269 3933 282 3994 2
301 3930 707 4000 ποποποποποποποῖ
724 3935 805 3988 notas
820 3931 931 4001 quaerit
947 3931 1018 3986 illud
1029 3934 1191 3999 tenendum,
1210 3949 1282 4002 quae
1299 3932 1378 3986 scho-

202 4014 241 4068 lia
257 4014 396 4085 incipiunt
413 4018 449 4072 ab
467 4012 514 4072 ότι
532 4018 635 4088 partim
653 4016 804 4072 Aristonici
821 4034 878 4072 esse
896 4017 1163 4086 intelligendumque
1182 4034 1239 4072 esse
1257 4019 1274 4088 ἡ
1291 4019 1378 4088 διπλῆ

203 4093 257 4156 ότι.
292 4099 350 4154 Nec
368 4101 480 4156 difficile
498 4104 540 4156 est
557 4101 627 4156 haec
644 4102 681 4156 ab
698 4102 758 4156 istis
776 4101 939 4165 discernere,
959 4101 1008 4155 ubi
1027 4092 1072 4157 ότι
1090 4101 1160 4155 illud
1177 4121 1208 4155 ex
1226 4117 1303 4156 more
1320 4117 1378 4155 om·

203 4183 280 4238 nium
295 4188 421 4239 veterum
439 4184 649 4240 scholiastarnm
666 4185 747 4241 initio
764 4190 895 4242 notarum
912 4185 1042 4255 positum.
1073 4185 1150 4250 Quae
1163 4189 1295 4256 corrupta
1312 4189 1379 4240 sunt

203 4268 285 4323 facile
306 4274 517 4337 cognoscuntur.
564 4270 609 4325 Sic
631 4274 659 4325 Α
685 4274 733 4324 307
757 4273 786 4340 (ἡ
808 4273 903 4340 διπλῆ)
925 4259 970 4324 ότι
992 4270 1027 4326 τό
1048 4266 1138 4341 τρόφι
1161 4263 1299 4340 άποκοπῇ
1325 4277 1379 4325 τοῦ

203 4347 350 4426 τρόφιμον
373 4347 584 4425 δἪρωδιανός
600 4372 689 4427 φησιν
706 4387 746 4410 -.
765 4354 818 4410 Hic
840 4355 930 4419 crede,
948 4354 971 4409 si
988 4353 1088 4424 placet,
1112 4355 1148 4408 ab
1166 4354 1323 4410 Aristonico
1341 4353 1377 4410 ci·
