3008 4980
210 316 250 376 74
293 309 326 366 Π.
354 308 395 364 De
412 306 588 363 Aristarchea
604 308 802 364 vocabulorum
818 307 1030 368 Homericornm
1046 309 1291 382 interpretatione.

207 480 237 540 Σ
256 484 325 546 413.
349 484 382 543 X
401 486 446 545 11.
472 479 505 540 Ψ
523 483 593 544 245.
632 477 729 543 Hunc
749 479 957 545 Homericum
978 503 1071 545 usum
1092 480 1257 565 significat
1278 481 1380 546 schol.

207 584 305 669 Soph.
334 586 384 652 At
407 591 481 664 866,
509 607 582 650 cum
604 585 695 652 dicit:
726 581 831 663 πόνος
856 581 951 673 πόνῳ
980 582 1087 653 πόνον
1106 582 1221 672 φέρεις
1248 581 1322 654 ἔστι
1341 587 1379 654 τὸ

206 689 267 774 μὲν
280 690 383 770 πόνος
398 685 494 778 πόνῳ
513 684 702 774 ἀρχαϊκὸν
716 685 762 770 ὡς
782 688 878 779 ἔργον
900 688 952 759 ἔπ’
975 688 1071 781 ἔργῳ.
1102 691 1140 760 τὸ
1164 691 1202 759 δέ
1224 689 1381 780 (λειότερον

206 794 310 866 πόνον
332 803 449 877 κοινῶς
470 790 542 865 οἷον
562 792 720 881 κάμαιον.

286 908 356 974 Nec
381 909 434 973 hic
460 908 648 973 substiterat
673 909 891 988 Aristarchus
922 912 979 975 sed
1007 912 1176 978 annotavit
1200 915 1379 995 praeterea,

204 1017 375 1102 praecipue
397 1016 459 1080 dici
481 1016 650 1081 delabere
672 1017 788 1082 bellico
811 1014 1010 1099 (πολεμικὸν
1029 1012 1144 1102 ἔργον),
1164 1042 1191 1084 v.
1214 1019 1256 1084 ad
1278 1024 1311 1080 Z
1330 1027 1379 1085 77.

206 1130 241 1187 Ν
258 1130 287 1191 2.
314 1127 345 1185 (D
365 1130 436 1192 249.
467 1124 505 1188 of.
527 1123 555 1187 B
577 1124 618 1187 ad
638 1128 670 1186 T
687 1130 755 1191 227.
796 1124 885 1202 Quae
906 1126 1072 1192 verissima
1097 1129 1148 1192 est
1168 1129 1202 1190 et
1222 1126 1265 1191 ad
1284 1125 1378 1192 locos

204 1233 362 1318 quosdam
382 1235 469 1298 recte
490 1231 719 1317 intelligendos
741 1233 911 1298 utilissima
932 1234 1124 1310 observatio,
1149 1257 1176 1299 e.
1199 1255 1229 1320 g.
1252 1236 1283 1296 E
1302 1241 1364 1302 667

205 1342 261 1426 qui
292 1341 382 1406 locus
410 1339 497 1404 haud
522 1343 608 1404 recte
634 1340 790 1424 accipitur
818 1341 859 1405 ab
887 1341 1045 1406 omnibus.
1093 1339 1263 1408 Invenitur
1288 1342 1378 1408 idem

203 1471 280 1514 usus
301 1450 427 1533 (prosae
442 1447 613 1531 scriptores
628 1449 674 1512 sic
695 1451 831 1512 utuntur
850 1447 1009 1513 vocabulo
1030 1442 1134 1532 έργον,
1157 1449 1196 1514 de
1211 1471 1278 1533 quc
1294 1450 1378 1516 dixit

202 1555 406 1621 Hermannus
432 1555 474 1619 ad
493 1555 566 1620 Luc.
596 1555 634 1620 de
660 1576 781 1619 consor.
808 1555 992 1638 h.p.159)
1019 1556 1105 1639 apud
1132 1556 1214 1622 alios
1241 1578 1376 1641 quoque

202 1663 353 1748 antiquos
372 1666 486 1746 poetes
507 1666 546 1727 ut
565 1662 640 1727 Hes.
657 1661 780 1748 Theog.
804 1666 862 1730 881
886 1663 925 1727 de
946 1661 1100 1728 Titanum
1120 1664 1243 1747 proelio
1268 1656 1375 1746 αὐτὰρ

202 1764 344 1856 ἐπείρα
369 1761 476 1834 πόνον
502 1762 650 1853 μάκαρες
677 1766 757 1833 θεοὶ
785 1764 1004 1848 ἐξετέλεσσαν.
1051 1768 1198 1855 Theogn.
1221 1775 1281 1838 981
1305 1769 1374 1836 (iss.

202 1882 274 1960 (987
295 1877 365 1962 Be.)
390 1869 462 1943 οὐδ’
486 1877 600 1941 ἳππων
623 1871 707 1963 ὁρμὴ
727 1869 854 1961 γίνειαι
874 1868 1036 1962 ὠκυτέρη,
1066 1877 1107 1940 αἵ
1122 1899 1159 1942 σε
1179 1898 1243 1959 περ
1266 1869 1375 1960 ἀνδρα

200 1980 341 2069 φέρουσι
356 1979 537 2068 δορυσσόον
557 1979 605 2062 εἰς
623 1979 729 2051 πόνον
750 1977 888 2065 ἀνδρῶν.
926 1984 973 2052 cf.
993 1984 1115 2051 Simon.
1135 1985 1193 2050 XX
1208 1985 1276 2052 (λεί.
1310 1986 1374 2050 Ει-

198 2093 281 2158 ravit
301 2091 473 2158 Passovius
499 2116 572 2159 cum
594 2094 673 2158 dixit
694 2093 837 2158 dolorem
858 2093 1032 2178 significari
1057 2098 1088 2156 T
1102 2099 1172 2160 227.
1202 2097 1235 2155 Φ
1256 2099 1317 2162 525
1341 2098 1374 2160 et

199 2200 271 2265 aliis
291 2201 379 2265 locis.
418 2200 534 2286 Neque
563 2202 648 2266 enim
675 2201 729 2266 alii
749 2201 814 2267 loci
833 2204 909 2266 sunt
931 2204 963 2266 et
989 2205 1020 2262 T
1037 2207 1099 2267 227
1121 2201 1301 2266 certissima
1322 2207 1375 2268 est

199 2308 392 2395 significatio
414 2308 534 2374 laboris
555 2309 664 2375 bellici
682 2332 711 2374 v.
730 2309 815 2374 belli.
855 2312 886 2370 (D
901 2313 961 2375 525
983 2297 1030 2384 ἀς
1046 2300 1197 2387 Ἀχιλεὺς
1221 2303 1375 2393 Τρώεσσι

200 2411 305 2482 πόνον
331 2413 389 2481 καὶ
412 2409 499 2503 κήδε’
527 2410 649 2502 έθηκεν
673 2417 753 2481 item
779 2417 899 2481 dictum
924 2419 961 2481 ut
991 2410 1096 2480 πόνον
1123 2406 1151 2479 ι’
1175 2410 1291 2499 ἐχέμεν
1315 2416 1375 2483 καὶ

200 2517 290 2604 ὀϊζύν
316 2525 476 2605 „laborem
503 2528 536 2590 et
561 2525 714 2600 luctum“;
745 2525 810 2589 imo
837 2524 890 2588 hic
920 2545 1030 2588 versus
1060 2546 1134 2588 cum
1160 2526 1372 2592 antecedente

200 2633 397 2718 compositas
412 2635 496 2696 πᾶσι
511 2624 544 2695 δ’
568 2625 672 2718 ἔθηκε
694 2632 782 2715 (urbs
796 2631 945 2696 incendio
962 2632 1120 2716 correpta)
1142 2624 1258 2708 πόνον,
1283 2631 1371 2697 πολ-

198 2739 288 2806 λοῖσι
310 2735 347 2805 δέ
368 2732 455 2828 κήδε’
480 2736 602 2827 ἐφῆκεν
622 2741 669 2805 ita
684 2738 823 2804 declarat
844 2739 1005 2819 „laborem
1020 2742 1053 2803 et
1065 2739 1205 2803 luctum“
1225 2740 1370 2821 indicari,

198 2853 235 2915 ut
261 2850 288 2915 si
310 2849 390 2914 illud
417 2848 550 2914 dubium
577 2852 675 2930 esset,
704 2847 864 2913 hocloco
893 2845 1142 2911 confirmaretur.
1182 2846 1369 2929 „Omnibus

198 2961 295 3042 poeta
320 2957 441 3041 inquit,
467 2955 653 3021 incendium
676 2956 820 3022 laborem
848 2956 948 3028 creat,
975 2954 1085 3019 multis
1112 2956 1262 3038 (quorum
1283 2958 1371 3041 peri-

199 3068 331 3130 muntur
344 3064 431 3130 bona
451 3063 503 3128 vel
525 3063 655 3149 cognati
676 3065 824 3146 pereunt)
846 3083 1035 3126 maerorem:
1057 3061 1103 3126 sic
1117 3062 1260 3128 Achilles
1283 3068 1371 3131 atro·

151 3187 184 3237 '14
202 3173 281 3238 citer
294 3172 449 3257 ingruens
464 3168 612 3234 Troianis
627 3169 776 3234 omnibus
790 3169 943 3245 laborem,
961 3169 1072 3233 multis
1086 3168 1231 3253 (propter
1245 3193 1371 3238 amores

134 3277 189 3349 (⁸⁸)
201 3281 402 3360 interemtos)
427 3278 551 3342 luctum
581 3277 725 3343 creavit“.
773 3276 822 3341 De
853 3298 918 3341 uno
949 3276 1021 3342 loco
1053 3277 1167 3343 vellem
1197 3276 1371 3346 Passovius

199 3387 393 3452 sententiam
425 3407 516 3449 suam
544 3383 689 3465 dixisset,
726 3384 782 3469 qui
807 3384 933 3449 videtur
961 3384 1066 3450 adhuc
1091 3407 1111 3449 a
1136 3387 1371 3454 recentioribus

200 3495 350 3560 omnibus
371 3515 485 3578 parum
506 3491 689 3556 intellectus
712 3513 791 3556 esse.
828 3490 889 3556 Est
911 3495 938 3554 Β
959 3498 1020 3561 289
1043 3516 1112 3578 sqq.

282 3601 393 3667 Ulixes
414 3601 694 3686 Agamemnonem
714 3599 879 3684 appellans
899 3622 999 3679 nunc,
1019 3601 1135 3685 inquit,
1157 3600 1371 3686 ignominiam

199 3708 260 3773 tibi
273 3713 388 3793 parant
402 3708 518 3773 Achivi
532 3729 637 3792 neque
659 3707 835 3792 perficient,
860 3709 947 3792 quod
967 3709 1031 3774 huc
1051 3708 1188 3793 profecti
1208 3710 1369 3775 sustinue-

197 3819 286 3882 runt:
315 3816 449 3900 cupiunt
471 3816 557 3880 enim
577 3816 643 3880 iam
666 3815 786 3880 redire:

365 3918 449 3988 ἀίσιε
469 3920 531 4006 γὰρ
553 3914 574 4008 ἢ
591 3920 711 3999 παῖδες
730 3918 843 4005 νεαροὶ
861 3917 960 4008 χῆραί
979 3945 1014 3986 ιε
1036 3922 1184 4006 γυναῖκες

366 4022 564 4119 ἀλλήλοισιν
585 4021 761 4112 όόόρσνται
782 4019 913 4095 οἶκόνδε
934 4025 1082 4095 νέεσθαι.

365 4126 386 4225 ἦ
407 4133 474 4223 μὴν
494 4133 552 4202 καί
572 4130 677 4215 πόνος
699 4133 785 4204 ἐστὶν
807 4129 990 4224 ἀνιηθέντα
1012 4133 1161 4203 νέεσθαι.
1267 4121 1269 4126 ’

199 4246 231 4314 h.
254 4268 278 4312 e.
303 4245 471 4325 ‚mimirum
497 4245 662 4310 laboribus
691 4246 858 4331 tingimur
885 4250 922 4311 ut
947 4247 1081 4311 moleste
1102 4247 1241 4314 ferentes
1267 4249 1371 4315 redire

201 4353 360 4419 velimus.“
404 4351 489 4432 Quid
510 4352 552 4418 sit
572 4342 595 4439 η’
615 4350 681 4440 μὴν
700 4346 761 4416 καί
787 4353 971 4419 discendum
995 4375 1033 4418 ex
1054 4356 1075 4415 I
1094 4361 1147 4433 57,
1171 4356 1229 4420 ubi
1249 4355 1371 4422 Nestor
