3008 4980
384 342 407 394 3.
431 332 589 405 δαιμόνιος.
607 336 724 392 τίκτειν.
744 331 861 407 θυρεός.
880 329 963 406 θύρη.
982 331 1070 405 ὅμως.
1253 345 1310 405 155

140 529 215 590 pars
245 509 301 572 est.
350 507 444 585 Quod
471 505 563 572 facile
590 505 767 570 concedent
794 507 980 589 reputantes
1011 505 1110 569 etad
1137 504 1311 588 Odysseam

140 613 336 679 Aristonicei
355 614 430 679 libri
453 614 610 698 quaedam
631 617 758 678 tantum
788 613 903 697 exigua
930 612 1068 697 vestigia
1100 611 1209 677 relicta
1241 634 1310 676 osse

142 724 175 786 et
203 720 334 787 minime
360 721 487 806 integra
517 743 585 786 esse
611 721 653 786 ad
677 719 823 799 Iliadem,
852 719 897 785 sic
923 723 960 783 ut
986 720 1024 785 de
1047 718 1239 804 quibusdam
1262 720 1312 799 (ut

140 822 226 906 δαίς,
251 822 400 915 φράζειν,
425 818 546 912 ἆθλος)
571 829 633 893 nisi
654 827 784 894 aliunde
806 829 978 908 constaret,
1000 849 1058 912 por
1079 826 1137 891 has
1158 827 1311 911 reliquias

139 936 262 1002 factum
293 940 378 1002 esset
404 939 441 1001 ut
469 936 572 1001 omnis
600 936 717 1002 notitia
743 935 871 1020 periret.
914 933 959 999 Et
988 937 1064 1009 sunt
1091 934 1178 1000 haud
1209 957 1312 1020 pauca

139 1049 265 1110 servata
287 1066 326 1110 ex
346 1044 460 1110 eodem
474 1042 680 1109 Aristarcheo
703 1065 830 1129 genere,
853 1064 992 1127 quorum
1013 1041 1170 1126 quaedam
1184 1043 1224 1108 ab
1239 1044 1310 1129 ipso

138 1151 327 1218 Aristarcho
350 1173 420 1218 esse
441 1152 522 1216 mihi
543 1152 766 1218 certissimum.
803 1151 907 1229 Quem
929 1151 968 1215 de
988 1149 1220 1216 adiectivorum
1240 1145 1310 1230 σχέ-

138 1258 244 1336 τλιος,
270 1251 415 1343 ἀγήνωρ,
444 1251 654 1343 ὑπερφίαλος
679 1259 784 1324 media
811 1280 907 1342 quam
935 1259 1046 1324 dicunt
1074 1258 1311 1344 significatione

138 1366 303 1432 monuisse
329 1366 495 1447 traditum,
516 1367 569 1432 vix
593 1367 726 1433 dubium
753 1367 831 1452 quin
852 1367 893 1432 ad
915 1367 1053 1433 eundem
1073 1388 1168 1432 usum
1188 1366 1310 1432 Home-

138 1475 241 1540 ricum
262 1474 410 1540 vocabuli
432 1468 647 1556 δαιμόνιος
665 1475 790 1542 animos
807 1473 996 1540 discentium
1012 1474 1192 1554 adverterit,
1215 1496 1310 1559 quem

139 1583 345 1648 observatum
359 1583 541 1649 invenimus
556 1605 582 1649 e.
599 1605 629 1668 g.
645 1582 744 1648 schol.
762 1585 793 1646 B
810 1587 868 1650 190
889 1585 921 1648 et
935 1605 985 1667 ap.
999 1582 1092 1649 Eust.
1107 1582 1151 1646 ib.
1168 1583 1211 1666 (p.
1226 1584 1309 1665 200).

137 1689 221 1756 Item
241 1684 393 1755 τίκτειν
414 1691 500 1775 apud
520 1694 651 1776 poetam
674 1690 771 1755 etiam
793 1690 831 1755 de
852 1692 944 1774 patre
966 1689 1028 1755 dici
1049 1689 1102 1754 vix
1123 1689 1187 1754 iam
1208 1689 1309 1756 credi-

137 1822 209 1865 mus
239 1799 280 1864 ab
309 1821 346 1864 eo
372 1799 636 1883 praetermissum
659 1819 740 1877 esse,
768 1797 893 1862 etiamsi
913 1819 972 1882 pro
995 1799 1082 1862 certo
1106 1797 1168 1862 dici
1189 1797 1310 1882 nequit,

138 1929 220 1991 quae
242 1907 276 1970 in
298 1905 398 1972 schol.
418 1905 446 1970 B
468 1906 509 1970 ad
529 1910 564 1968 X
584 1910 624 1972 53
645 1906 796 1990 legimus:
816 1900 869 1970 τοί
885 1898 1093 1987 τεκόμεσθαε
1117 1897 1244 1986 ὁμοίως
1263 1907 1310 1989 aqi

137 2004 343 2095 ,,Λάρδανον
364 2001 407 2076 ad
429 2014 585 2096 (πρῶτόν)
607 2008 744 2078 τέκετοίί
767 2015 895 2097 (Υ215)
918 2009 975 2079 έπί
997 2005 1171 2096 ἀρσενικοῦ
1184 2012 1311 2079 Aristo·

137 2121 203 2187 nici
228 2122 326 2187 verba
351 2143 434 2186 esse:
462 2143 657 2206 quamquam
680 2122 830 2188 videntur
855 2144 933 2211 esse.
977 2121 1092 2187 Thom.
1120 2120 1164 2188 M.
1190 2114 1311 2184 τίκτειν

137 2221 259 2313 κυρίως
288 2223 345 2293 ἐπί
366 2231 545 2312 γυναικῶν,
569 2226 607 2294 τὸ
634 2224 671 2293 δέ
691 2230 808 2313 γεννᾶν
829 2223 887 2294 έπί
908 2221 1036 2313 ἀνδρῶν
1059 2277 1066 2294 .
1088 2276 1096 2292 .
1120 2278 1130 2294 .
1164 2223 1312 2315 Ὅμηρος

137 2332 175 2402 δέ
199 2331 257 2401 καί
283 2331 341 2401 ἐπὶ
368 2328 488 2421 ἀνδρὸς
515 2339 563 2423 τῷ
591 2331 713 2401 τίκτειν
739 2331 845 2402 ένίοτε
869 2339 1003 2423 χρῆται·
1030 2330 1076 2414 ὡς
1099 2331 1166 2417 tices
1186 2333 1224 2402 τὸ
1247 2324 1311 2416 „dv

138 2437 311 2520 ἀθάνατος
324 2438 437 2509 τέκετο
452 2440 557 2521 Ζεός“
572 2440 629 2509 καί
649 2442 687 2512 τὸ
703 2439 832 2523 ,,τίκτει
851 2437 884 2528 μ)
908 2439 991 2532 ἀνὴρ
1012 2443 1191 2511 πολλοῖσιν
1212 2435 1310 2508 άνάσ-

137 2561 240 2619 σωνίῑ.
261 2551 402 2619 -Item
416 2553 650 2620 Alexandrinos
666 2576 741 2621 suos
763 2576 837 2621 eum
858 2555 1119 2620 animadvertisse
1140 2556 1252 2639 putem
1270 2553 1311 2619 ad

137 2662 343 2728 Homericam
365 2661 499 2747 signific.
528 2684 596 2729 voc.
618 2654 781 2749 θυρεός,
815 2684 888 2728 cum
908 2661 966 2727 illo
990 2661 1118 2746 opinor,
1145 2661 1233 2746 quod
1252 2661 1310 2727 ali-

138 2769 267 2855 quoties
282 2791 378 2854 supra
391 2768 545 2854 legimus:
569 2761 627 2850 ούχ
640 2754 686 2846 τίς
700 2763 812 2855 ημεῖςε
832 2769 1034 2870 l'hrynichus
1051 2793 1080 2855 p.
1097 2775 1157 2839 366
1172 2765 1310 2854 θυρεός·
1329 2799 1376 2849 156

135 2869 233 2942 τοῦθ’
250 2870 399 2962 ’Όμηρος
418 2872 476 2942 έπί
497 2870 600 2943 λίθου
621 2871 756 2965 τίθησιν
778 2869 850 2941 άντί
865 2871 974 2962 θύρας
994 2874 1052 2964 τὴν
1071 2871 1185 2959 χρείαν
1206 2870 1312 2956 παρέ-

133 3007 258 3065 χοντος.
296 2977 329 3048 οὶ
345 2979 382 3048 δέ
396 2981 521 3050 πολλοί
535 2979 607 3050 άντί
620 2987 680 3071 τῆς
695 2977 841 3062 ἀσπίδος
853 2981 1017 3052 τιθέασιν.
1053 2985 1100 3052 Of.
1115 2985 1207 3051 Eust
1223 3006 1236 3047 ι
1249 2988 1310 3050 240

135 3116 166 3179 p.
191 3097 279 3173 1626,
300 3099 349 3161 55.
398 3093 443 3160 Et
467 3094 570 3160 multo
598 3094 705 3160 minus
739 3095 852 3160 dubito
881 3095 959 3179 quin
986 3095 1067 3161 illud
1093 3094 1123 3159 ei
1148 3093 1310 3170 debeatur,

135 3200 224 3286 quod
254 3200 350 3285 plane
381 3201 593 3268 subtilitatem
619 3194 857 3268 Aristarcheam
887 3203 1026 3283 redolet,
1056 3202 1144 3287 quod
1172 3201 1210 3267 de
1238 3221 1305 3266 voc.
1320 3224 1390 3297 (159)

135 3301 237 3393 θύρη
260 3308 335 3388 (hoc
356 3308 454 3374 fuisse
477 3331 533 3375 cur
554 3309 736 3375 attenderet
757 3309 812 3374 Ar.
831 3332 927 3396 supra
946 3311 1097 3394 vidimus)
1115 3307 1307 3375 Eustathius

135 3415 264 3481 monuit
285 3440 299 3479 ι
317 3421 393 3497 243,
421 3417 478 3482 ubi
505 3419 543 3483 de
566 3416 706 3502 Cyclope
730 3417 846 3483 dicitur
865 3409 984 3502 τόσσην
1005 3409 1167 3504 ἠλίβατον
1188 3409 1311 3500 πέτρην

136 3518 287 3608 εἰσέθηκε
305 3515 454 3610 θύρῃσιν.
496 3523 559 3589 Hic
588 3524 689 3610 igitur
713 3524 803 3591 Eust.
826 3525 873 3610 (p.
902 3531 993 3605 1626,
1015 3526 1072 3611 53>
1098 3520 1151 3592 ὅτι
1169 3520 1229 3609 τὴν
1250 3524 1310 3587 τοῦ

135 3624 303 3717 σπηλαίου
324 3623 457 3697 εἴσοδον
477 3622 553 3716 λη’τοι
566 3627 604 3696 τὸ
623 3627 700 3715 περί
714 3623 817 3717 αὐτὴν
832 3629 996 3719 διάστημα
1010 3628 1118 3715 θύραν
1135 3627 1153 3698 ὁ
1169 3626 1312 3717 ποιητὴς

136 3736 286 3803 ἐνταῦθα
308 3733 407 3823 λέγει,
430 3733 526 3803 καθά
547 3762 614 3804 που
635 3735 693 3804 καί
714 3735 748 3803 ἐν
766 3732 887 3804 Ἰλιάδι
908 3734 1017 3816 πύλας
1038 3738 1094 3806 τὸν
1113 3734 1220 3828 τόπον
1234 3735 1311 3823 περί

136 3835 176 3912 ὃν
198 3839 234 3909 ut
254 3839 369 3914 πύλαι.
411 3845 501 3912 Idem
525 3848 685 3913 monitum
706 3849 747 3913 ad
769 3871 786 3910 ν
808 3853 881 3927 370,
903 3848 959 3913 ubi
981 3849 1020 3915 de
1041 3849 1198 3929 Minerva,
1224 3847 1310 3914 Ulixi

135 3952 296 4018 thesauris
325 3954 360 4018 in
385 3953 607 4040 Nympharum
633 3959 726 4021 antro
748 3956 936 4035 reconditis,
955 3956 1084 4023 dicitur:
1109 3952 1228 4020 καὶτὰ
1249 3951 1310 4038 μέν

136 4049 173 4125 εύ
195 4055 372 4145 κατέθηκε,
396 4055 496 4126 λίθον
520 4055 551 4125 δ’
568 4057 717 4149 ἐπέθηκε
738 4054 890 4149 θύρῃσιν.
917 4061 969 4128 Ibi
986 4063 1078 4129 Eust.
1094 4065 1136 4150 (p.
1155 4071 1242 4144 1744,
1257 4066 1309 4148 20)

136 4162 228 4252 λέγει
243 4163 280 4232 δέ
293 4159 411 4250 θύρας,
436 4162 482 4244 ὡς
496 4165 553 4233 καί
565 4164 801 4257 προεδηλώθη,
818 4168 877 4258 τὴν
892 4172 952 4235 τού
966 4165 1134 4255 σπηλαίου
1150 4163 1247 4258 όπη’ν.
1269 4212 1308 4221 -

135 4276 235 4361 Apud
263 4275 472 4361 Apollonium
496 4276 556 4345 lex.
583 4277 624 4344 H.
647 4303 678 4365 p.
701 4286 760 4348 600
789 4281 880 4364 (120,
904 4283 944 4346 37
965 4278 1036 4364 Βο.>
1064 4280 1144 4345 haec
1169 4279 1308 4366 legimus

136 4378 245 4466 ὅμως
260 4376 291 4448 δ’
305 4376 343 4448 ού
359 4379 487 4470 λήθετο
500 4377 627 4473 χάρμης
640 4389 697 4469 (Μ
704 4390 795 4470 303).·
809 4380 979 4470 εἰώθαμεν
996 4423 1045 4454 -.
1074 4387 1139 4455 Sed
1152 4387 1231 4454 haec
1245 4387 1308 4456 iam
