3008 4980
665 305 689 354 3.
713 303 778 356 ωδε.
1268 310 1306 371 71

136 473 261 538 minum
289 490 408 556 genera
433 471 466 533 et
493 467 703 534 dialectorum
726 469 908 533 discrimina
934 471 1023 534 extra
1049 469 1181 534 modum
1210 472 1243 534 et
1268 470 1309 535 ad

136 578 319 645 molestiam
346 599 448 661 usque
470 575 683 654 turbaverint,
707 598 791 641 nova
813 576 955 641 exoritur
976 576 1137 660 quaestio,
1157 577 1256 642 ardua
1276 580 1309 642 et

136 687 247 752 multis
268 683 414 769 partibus
430 705 533 766 paene
553 683 722 747 inaccessa
763 682 836 770 Ego
858 683 912 748 hic
932 685 1048 768 pedem
1068 684 1147 769 figo,
1169 706 1234 768 quo
1256 707 1307 749 me

136 798 244 879 partes
266 791 425 856 vocabant
444 812 544 855 meae.
584 788 716 854 Etenim
736 791 879 856 rationes
902 790 1110 856 delineandae
1131 795 1230 870 erant,
1253 813 1309 856 cur

136 901 178 966 ad
201 898 416 964 recentiorum
441 898 605 982 epicorum
627 897 772 963 officinas
793 898 999 964 Aristarchea
1021 898 1166 964 doctrina
1186 899 1308 964 aditum

138 1030 205 1072 non
226 1005 377 1072 habuerit
397 1026 457 1069 nec
477 1004 629 1071 habuisse
651 1010 905 1071 consentaneum
926 1007 976 1072 sit.
999 1045 1038 1052 —

212 1113 314 1179 ‘Nunc
335 1113 377 1178 ad
396 1113 537 1198 reliquas
558 1113 730 1178 verborum
751 1113 1033 1199 interpretationes
1054 1113 1230 1200 pergimus.

650 1641 691 1716 C.
718 1641 786 1718 III.

675 1793 764 1871 Ὧδε

300 1996 422 2058 semper
443 1971 535 2057 apud
547 1987 676 2058 poetam
695 1974 855 2061 αι’μκηίασί
873 1975 968 2056 „aic“‚
989 1996 1150 2058 κακηααυι

577 2081 679 2165 ‚bae‘
698 2082 748 2146 υοί
765 2081 864 2164 ,fic'c‘t

218 2247 368 2333 Apollon.
396 2244 458 2310 lex.
481 2245 578 2313 Hom.
600 2252 660 2315 872
688 2233 769 2311 ὧδε·
803 2242 888 2310 κατὰ
908 2237 1123 2330 Ἀρίσταρχον
1147 2238 1309 2310 οὐδέποτε

134 2351 291 2440 συνήθως
309 2347 392 2438 ἡμῖν
414 2355 530 2438 κεῖται,
553 2345 625 2417 ἀλλ’
651 2346 725 2420 ἀντί
744 2355 804 2419 τοῦ
826 2349 931 2431 οὕτως
950 2344 1122 2418 τάσσεται·

229 2448 295 2526 ὦδε
315 2457 353 2526 δέ
373 2484 425 2539 τις
446 2453 598 2526 είπεοκεν
620 2454 701 2525 lter
721 2457 768 2546 (ἒς
790 2456 933 2550 πλησίον
954 2456 1066 2545 ἄλλον,
1088 2464 1116 2524 θ
1137 2463 1218 2543 328).

135 2566 193 2636 ἐπὶ
208 2565 245 2634 δὲ
264 2572 323 2635 τοῦ
342 2564 525 2656 ,Ἥφαιστε
539 2560 681 2658 πρόμολ’
705 2556 793 2635 οἶδεκ
812 2571 855 2656 (Σ
867 2573 940 2654 392)
963 2563 1067 2645 οίίτιος
1080 2559 1210 2633 αἰκοόει·
1227 2560 1310 2651 πρό-

136 2677 220 2743 ελθε
256 2673 359 2754 οὕτως
389 2674 435 2754 ὥς
463 2670 564 2763 itere,
601 2674 639 2742 ἐκ
660 2671 853 2762 προχείρου,
889 2672 993 2763 μηδὲν
1025 2667 1308 2760 ἀναβαλλόμενος.

137 2785 226 2863 Quae
254 2787 365 2851 eadem
392 2785 547 2872 leguntur
572 2785 670 2852 schol.
700 2785 728 2850 A
759 2785 800 2850 ad
820 2787 850 2847 B
871 2791 942 2852 271.
980 2785 1151 2851 Praeterea
1173 2787 1311 2850 testatur

136 2893 289 2981 Apellen.
314 2894 410 2979 Dyso.
437 2895 506 2959 adv.
534 2916 564 2978 p.
592 2899 666 2978 599,
691 2899 732 2960 24
761 2885 832 2972 ἕλοι
859 2884 890 2955 δ’
920 2884 961 2956 ib
990 2887 1164 2956 ἐπίστασιν
1190 2888 1309 2957 καὶτὸ

137 2989 203 3066 ὦδε
235 2994 389 3089 συνήθως
416 2995 477 3083 μὲν
507 2997 565 3088 τὴν
596 2993 643 3076 εἰς
666 2993 773 3065 τόπον
800 2994 910 3079 σχέσιν
938 2998 1075 3087 δηλοῦν,
1110 2997 1145 3065 ἒν
1174 2995 1211 3064 δὲ
1240 3000 1311 3076 τοῖς

133 3101 340 3196 Ὁμηρικοῖς,
370 3100 417 3186 ὥς
433 3099 637 3195 Ἀριστάρχῳ
660 3105 765 3185 δοκεῖ,
794 3102 829 3171 ἕν
853 3109 902 3192 τῷ
922 3101 1076 3173 καθόλου
1100 3105 1147 3193 μὴ
1170 3109 1312 3195 τοπικῆς

137 3211 274 3297 ἓῇιεσθαι
295 3210 445 3296 σχέσεως,
468 3218 524 3304 τῆς
545 3211 581 3280 δι’
600 3212 684 3279 κατὰ
706 3208 880 3302 ποιότητα.
914 3214 961 3283 cf.
974 3239 1005 3301 p.
1022 3222 1091 3297 616,
1106 3223 1153 3285 26.
1189 3214 1311 3281 Notam

138 3326 179 3389 ad
200 3347 270 3390 eam
295 3348 364 3390 rem
384 3324 588 3391 indicendam
613 3323 794 3408 appositam
816 3323 956 3407 explicat
976 3322 1178 3389 Aristonicus
1201 3327 1231 3385 Γ
1249 3328 1310 3390 297

138 3426 170 3518 (ἡ
193 3430 309 3520 διπλῇ)
330 3427 441 3499 ὅτιτὸ
463 3419 529 3497 ὦδε
551 3423 716 3498 οὐδέποτε
742 3433 892 3507 τοπικῶς
912 3426 1069 3513 καθάπερ
1092 3423 1186 3515 ἡμεῖς
1206 3426 1305 3514 λέγει,
1327 3437 1357 3487 71

138 3532 211 3604 ἀλλ’
227 3532 300 3605 ἀντί
313 3543 373 3606 τοῦ
388 3537 492 3618 οὕτως
504 3542 600 3605 τοῦτο
616 3531 885 3622 παραλαμβάνει.
913 3536 996 3604 Item
1015 3540 1126 3606 0513.
1150 3537 1195 3603 Et
1209 3540 1238 3600 Σ
1250 3543 1311 3606 392

139 3649 179 3713 ad
192 3648 273 3713 illud
286 3649 392 3733 ipsum
410 3640 553 3731 πρόμολ’
578 3634 659 3711 ὦδε·
681 3641 793 3712 ὅτιτὸ
815 3632 881 3710 ὦδε
903 3640 1007 3722 οὕτως
1028 3638 1074 3723 ιός
1095 3638 1189 3725 ibere,
1215 3637 1311 3710 οὐδὲν

138 3746 381 3839 όπερθέμενος·
395 3753 453 3820 καί
468 3751 502 3821 ἐν
514 3748 690 3842 Ὀδυσσεία
704 3745 923 3843 ,ἀμφίπολοι
938 3745 1033 3842 στῆθ’
1052 3748 1158 3819 οὕτωίί
1173 3751 1209 3839 <ζ
1221 3754 1311 3839 218>ς

140 3863 277 3948 denique
299 3865 343 3927 M
361 3870 421 3932 346
448 3857 480 3951 (ἦ
505 3861 610 3950 διπλῆ
631 3857 894 3948 περιεστιγμένη)
916 3858 1002 3948 πρὸς
1023 3854 1226 3948 Ζηνόδοτον,
1258 3857 1310 3926 ὅτι

138 3966 245 4037 ἔοικεν
265 3965 477 4060 ἔξειληφὲναι
497 3968 547 4054 (τὸ
570 3958 647 4055 ὦδε)
668 3972 831 4047 τοπικῶς·
854 3963 928 4058 ἑξῆς
948 3967 1010 4054 γὰρ
1032 3963 1155 4058 γράφει
1176 3971 1217 4051 (ν.
1237 3973 1309 4050 359)

139 4081 252 4159 ,μεῖσε
284 4076 346 4164 γὰρ
373 4073 587 4162 eboracam
619 4072 688 4142 ἔστι
715 4073 752 4143 δὲ
778 4071 851 4142 ἀντὶ
877 4081 934 4142 τοῦ
959 4073 1072 4154 οὕτως.
1121 4078 1210 4143 Haec
1235 4077 1309 4142 Ari-

206 4283 230 4322 44
248 4279 294 4336 Sic
312 4279 596 4349 scripsiquamquam
614 4277 720 4347 legitur
738 4277 769 4331 in
786 4276 910 4332 scholiis:
933 4276 1000 4345 ἑξῆς
1015 4271 1071 4347 γὰρ
1089 4275 1198 4346 γράφει
1215 4271 1261 4337 ,εἰ
1277 4271 1310 4328 δέ

141 4381 211 4434 σφιν
220 4365 269 4420 καί
279 4365 377 4420 κεῖθί*
390 4366 462 4433 (348)
476 4363 578 4433 <codex
588 4361 613 4416 A
623 4362 711 4416 habet
722 4363 843 4419 κάκεῖσε
855 4363 927 4416 teste
938 4359 1104 4428 Dindorfio>.
1122 4359 1177 4414 Sed
1188 4357 1309 4428 primum
