3008 4980
602 332 626 384 2.
651 325 847 397 Mythologioa.
1247 332 1305 395 189

485 493 703 560 Uraniones
726 498 757 560 ei
780 492 946 578 Olympii

137 645 209 709 dist·
186 647 342 730 ttmguun
342 667 394 722 οη
417 643 557 729 Olympii
572 666 737 729 nunquam
752 643 895 710 Deorum
917 664 1028 729 genus,
1050 644 1137 727 quod
1158 663 1231 708 oum
1246 640 1305 708 So-

135 756 231 817 tumo
247 756 323 819 erat.
360 747 464 820 Ξ279
485 744 518 837 (η
540 745 701 836 διπλη)”
680 773 734 816 οτι
753 748 830 828 τοὺς
850 747 927 834 περὶ
949 742 1080 834 Κρόνον
1101 743 1241 826 θεουςε
1224 772 1305 814 υπο-

134 852 329 944 ταρταρίους
343 852 596 943 προσαγορεύει·
618 855 704 942 πρὸς
716 855 779 935 τὸ,
784 851 928 936 ,ὁππότε
941 881 1000 940 μιν
1003 856 1173 1030 ἐξυνδῆσαι
1184 849 1305 939 Ὀλύμ-

135 975 238 1031 πιοι“
265 969 316 1050 (A
337 970 428 1049 399),
464 960 516 1031 ὅτι
544 958 581 1031 οὗ
612 964 692 1043 τούς
720 962 797 1048 περί
822 959 1001 1049 Κρόνονλ
1003 961 1071 1049 &yet
1094 958 1305 1048 Ὀλυμπίους.

141 1076 169 1139 0
190 1082 250 1143 225
273 1068 460 1160 ἑνερτὲρους
482 1069 519 1138 δὲ
540 1072 637 1138 καλεῖ
656 1070 714 1138 καὶ
733 1066 945 1158 Οὖρανίωνας
965 1070 1022 1139 καὶ
1042 1066 1307 1159 ὑποταρταρίους

136 1180 193 1247 καὶ
217 1185 358 1259 Τιτᾶνας
377 1179 455 1260 τοὺς
475 1178 552 1268 περὶ
572 1164 704 1267 Κρόνον
725 1175 836 1260 θεούς.

677 1533 773 1601 Zeus

137 1689 309 1770 antequam
331 1684 477 1751 Thetidis
498 1683 647 1770 precibus
671 1688 850 1751 commotus
872 1679 970 1766 essetj
992 1653 1185 1752 Greeoorum
1206 1686 1306 1771 porti-

137 1792 198 1858 bus
220 1793 353 1859 favebat.
389 1797 424 1856 K
444 1800 493 1860 45.
530 1792 582 1859 Ad
605 1793 637 1857 Ω
653 1799 723 1876 527,
744 1792 801 1863 ubi
822 1791 930 1859 fabula
953 1796 1002 1858 esi
1020 1793 1059 1858 de
1082 1794 1207 1859 duobus
1221 1790 1306 1858 Iovis

135 1893 267 1979 πίθοις,
288 1900 368 1967 hoec
382 1901 560 1967 adnotavit:
583 1893 615 1986 (ἡ
637 1895 830 1986 διπληχὸτι
844 1896 998 1971 ἐντεῦθεν
1008 1893 1158 1987 Ἡσιόδῳ
1170 1897 1207 1965 τὸ
1229 1898 1307 1983 περὶ

135 2009 195 2071 τοῦ
219 2002 327 2074 πίθου
355 2003 514 2094 μύθευμα
542 2004 599 2074 καὶ
624 2004 678 2074 ὅτι
706 2001 766 2073 δύο
792 2003 870 2086 τοὺς
894 1999 1023 2087 πάντας
1052 2002 1142 2093 λέγει
1170 2002 1305 2087 πίθους.

136 2110 221 2192 τινὲς
236 2110 272 2180 δὲ
286 2117 351 2181 τῶν
371 2111 537 2201 νεωτέρων
559 2111 616 2180 ἕνα
637 2111 696 2198 μὲν
715 2117 779 2181 τῶν
800 2108 949 2200 ἀμαθῶν,
970 2113 1030 2181 δύο
1053 2109 1090 2180 δὲ
1110 2117 1175 2180 τῶν
1195 2117 1307 2192 κακῶν

137 2217 300 2303 ἐδέξαντο
314 2225 358 2307 (h.
381 2248 406 2291 e
428 2228 612 2304 nonerunt,
605 2247 731 2369 ,ηεετε
753 2222 917 2291 intellecto
939 2246 1033 2290 versu
1053 2222 1227 2291 Homerico
1249 2223 1305 2311 <of

136 2330 243 2415 popul.
271 2331 444 2399 Aufsetze2
471 2356 502 2419 p.
525 2330 605 2417 44>)
633 2331 699 2397 Ad
725 2335 803 2398 A5
830 2328 915 2409 Διὸς
943 2320 975 2396 δ
999 2327 1158 2399 ἐτελείετο
1184 2323 1302 2419 βουλή,

137 2426 234 2518 ἐξ
193 2461 231 2504 ου
256 2436 361 2526 δὴ-
319 2464 424 2507 -no
426 2445 530 2506 totum
551 2439 628 2505 hoo·
646 2398 860 2524 Ἀρίσταρχος
880 2431 1051 2526 συνάπτει,
1074 2438 1129 2505 ἵνα
1149 2435 1195 2525 μὴ
1218 2462 1306 2523 παρ-

139 2538 221 2610 οῦσά
255 2570 306 2624 τις
336 2541 505 2634 (προοῦσά
537 2568 588 2624 τις
620 2569 699 2614 eom.
734 2545 976 2632 Friedlaender>
1009 2539 1167 2675 ηιαίνηται
1197 2543 1302 2674 βουλη

138 2646 221 2718 καθ’
241 2647 421 2740 Ελίιηνων,
451 2647 568 2719 άλλΗ
548 2647 607 2742 αφ’
640 2643 679 2720 οὗ
705 2649 824 2739 χρόνου
851 2650 978 2744 ἐγένετο
1004 2648 1025 2741 η
1048 2656 1157 2742 μῆνις,
1182 2651 1302 2740 ἵναμὴ

137 2758 178 2824 τὰ
199 2759 292 2847 παρὰ
313 2763 384 2840 τοῖς
404 2758 576 2849 νεωτέροις
594 2756 775 2846 πλάσματα
797 2755 981 2844 δεξώμεθα.
1019 2762 1079 2845 (cf.
1102 2767 1141 2828 A
1162 2768 1223 2831 604
1244 2783 1306 2826 κα-

138 2871 196 2933 κοῦ
216 2861 248 2933 δ’
266 2861 331 2954 άρα
354 2863 388 2936 oi
407 2865 508 2936 πέλεν
529 2863 631 2957 άρχηε
652 2862 866 2956 σημειοῦνταί
885 2893 971 2948 τινες
991 2865 1045 2934 ὅτι
1067 2862 1104 2936 οὗ
1128 2864 1320 2956 πόρρωθεν-4

138 2968 477 3067 ηπροαναφιόνησις·
510 2971 607 3044 κάκεῖ
631 2967 688 3044 οὖν
714 2971 775 3044 οόκ
801 2973 858 3045 ἐπί
883 2975 925 3043 τὰ
951 2969 1066 3065 πόρρω
1091 2970 1113 3064 ἡ
1142 2970 1308 3054 ἀπότασις

139 3079 250 3161 ,Διὸς
277 3078 309 3149 ό
337 3079 495 3153 ἐτελείετο
521 3079 710 3174 ssoviq'“.)
723 3085 813 3166 Quae
838 3086 897 3153 illa
917 3086 1133 3155 recentiorum
1152 3086 1308 3173 figmento

138 3192 266 3270 fuerint,
289 3193 407 3278 quibus
429 3195 467 3260 de
490 3196 593 3261 causis
615 3217 634 3263 ε
654 3194 729 3263 Iove
750 3194 875 3261 bellum
895 3194 1082 3263 Troianum
1094 3195 1236 3263 constitu
1236 3198 1306 3261 ium

138 3298 236 3365 foisse
249 3300 403 3381 ferebam
425 3303 558 3387 exponit
543 3302 677 3370 tschoL
697 3303 768 3378 AD.
805 3302 865 3385 (cf.
882 3301 1084 3373 Henriohsen
1099 3324 1194 3382 eorm.
1209 3302 1303 3389 Cypr
1316 3307 1387 3378 (192)

140 3411 179 3475 34
194 3413 277 3492 sqq.)
312 3407 350 3474 In
365 3410 569 3495 quoetthoeo
582 3410 748 3496 leguntur.
768 3407 826 3475 καί
843 3407 884 3475 τὰ
903 3405 966 3492 ’μὲν
986 3407 1079 3494 παρὰ
1099 3411 1170 3489 τοῖς
1191 3406 1305 3485 νεωτέ-

136 3537 208 3599 ροις
228 3509 444 3599 ἱστορούμενα
471 3514 633 3605 περὶτῆς
656 3520 715 3584 τοῦ
735 3513 822 3595 Διὸς
845 3513 1011 3605 βουλης’
994 3537 1066 3583 εστι
1084 3511 1229 3589 τάδε.ε
1207 3512 1330 3609 ημεῖςξ

139 3616 176 3685 δέ
198 3644 308 3708 φαμεν
328 3621 414 3688 κατὰ
435 3621 496 3712 την
514 3617 729 3711 Ἀριστάρχου
752 3622 808 3690 καί
826 3617 1089 3713 Ἀριστοφάνους
1110 3618 1223 3707 δόξαν,
1246 3629 1306 3714 τῆς
1329 3646 1332 3717 ξ

141 3725 279 3808 Θέτιδος
301 3721 387 3795 εἶναι
407 3725 548 3820 βουλήν,
575 3723 618 3820 ἣν
646 3730 681 3799 ἐν
699 3734 770 3811 τοῖς
792 3728 867 3820 ἑξῆς
889 3754 972 3821 φησι
993 3725 1229 3800 λιτανεόουσαν
1248 3731 1306 3800 τὸν
1325 3743 1372 3794 192

136 3831 206 3900 Aio
220 3833 397 3926 ἐκδικῆσαι
408 3837 469 3927 τὴν
487 3843 547 3907 τοῦ
568 3838 693 3920 παιδὸς
713 3833 859 3923 ἀτιμίαν,
883 3838 1040 3926 καθάπερ
1062 3836 1097 3907 ἐν
1117 3844 1166 3928 τῷ
1186 3864 1307 3926 προοι-

136 3941 213 4031 μίῳ.
235 4016 237 4021 ,
257 3946 406 4013 Oeierum
432 3949 520 4032 quod
542 3949 860 4016 commemoravimus
882 3972 922 4015 ex
943 3952 977 4014 K
997 3956 1036 4017 45
1058 3950 1124 4016 iam
1144 3951 1308 4017 videbitur

137 4053 250 4118 eodem
265 4058 434 4139 spectasse.
456 4094 498 4103 —
519 4057 605 4124 Λευ
622 4053 755 4142 καὶγὰρ
778 4053 842 4142 ἐγὼ
864 4050 948 4134 θεός
969 4049 1048 4138 εἶμι,
1072 4053 1166 4143 γένος
1188 4053 1226 4123 δέ
1246 4080 1307 4140 μοι

137 4154 235 4225 ἔνθεν
256 4157 339 4227 ὅθεν
360 4157 427 4228 σοί·
449 4155 508 4227 καί
526 4186 569 4246 με
589 4156 816 4250 πρεσβυτάτην
836 4158 948 4230 τέκετο
963 4158 1094 4250 Κρόνος
1116 4156 1307 4251 ἀγκυλομή-

136 4291 206 4355 της,
236 4262 425 4359 ἀμφότερον
451 4273 545 4360 γενεῇ
567 4269 683 4337 τεκαὶ
705 4267 823 4338 οὕνεκα
844 4270 885 4358 οη
909 4265 1112 4359 παράκοιτις
1132 4265 1305 4358 κέκλημαι.

137 4375 244 4443 Schol.
266 4379 309 4443 A:
331 4372 557 4466 πρεσβυτάτην
575 4376 859 4466 τιμιωτάτηννῦν,
894 4378 1121 4464 πλαγιασθείς
1142 4379 1179 4446 δὲ
1200 4376 1308 4444 ἐντεῦ-
