3046 4980
232 342 289 402 104
330 330 366 389 II.
388 333 430 402 De
451 331 624 387 Aristarchea
641 332 838 388 vocabulorum
852 327 1062 386 Homericorum
1078 331 1316 403 interpretatione.

229 502 322 579 titur,
358 501 445 585 quod
473 500 634 566 Oratetem
666 501 847 588 neglexisse
879 500 1014 578 mireris,
1049 501 1136 584 quod
1163 500 1305 586 Oedipus
1332 524 1399 567 non

229 613 337 692 potest
356 608 571 674 Troianorum
592 608 728 673 heroum
749 607 891 691 aequalis
912 630 981 672 esse
1003 608 1060 672 sed
1079 611 1216 692 patrum,
1239 610 1399 675 110111110-

229 716 330 781 medis
353 739 380 781 e.
401 736 433 801 g.
461 717 518 781 sed
539 715 655 801 Tydei,
682 715 738 779 sed
760 715 856 780 simul
877 715 1122 796 consuetudine,
1143 716 1184 781 ad
1205 739 1301 801 quam
1323 741 1399 802 pro·

229 824 368 908 pendere
384 828 516 908 poetam
531 822 737 888 Aristarchus
753 823 989 888 observaverat:
1012 817 1065 886 ὅτι
1085 820 1170 908 πρὸς
1190 820 1228 889 τὸ
1250 818 1399 908 δεύτερον

229 925 391 1016 πρότερον
412 922 554 1016 ἀπαντᾷ.
592 930 675 995 Tum
697 931 817 1016 pergit:
845 926 902 995 aci
928 926 981 996 ὅτι
1002 924 1035 995 οἱ
1056 925 1209 1016 νεώτεροι
1230 930 1399 1016 noadaia

221 1035 370 1124 Ὅμηρον
388 1034 446 1104 τὸν
465 1030 629 1103 Οἰδίπουν
651 1033 752 1123 φασὶν
774 1032 891 1104 ἑαυτὸν
913 1032 1129 1126 τυφλώσαντα
1151 1036 1400 1127 ποδηγούμενον

229 1141 277 1224 εἰς
302 1138 455 1232 Ἀθήνας
480 1140 594 1208 ἐλθεῖν
620 1143 677 1209 καὶ
702 1139 771 1210 ἐκεῖ
790 1144 989 1232 τελευτῆσαι.
1037 1146 1101 1213 Sed
1128 1171 1209 1233 quae
1235 1151 1399 1234 antiquior

229 1256 339 1321 fabula
364 1254 462 1320 fuerit
490 1252 632 1318 Homero
667 1255 808 1319 indicata
838 1255 963 1319 nullum
994 1256 1140 1321 exstabat
1169 1258 1398 1325 testimonium.

230 1363 381 1431 Attendit
402 1360 512 1448 igitur,
534 1363 561 1427 si
583 1362 661 1446 quid
683 1385 722 1427 ex
741 1362 803 1428 hoc
824 1361 895 1447 ipso
916 1362 989 1429 loco
1012 1364 1082 1428 elici
1103 1368 1220 1447 posset.
1254 1364 1398 1429 Primum

229 1473 305 1537 hoc:
339 1472 396 1534 νῦν
421 1464 457 1533 δὲ
481 1461 648 1552 ὁμόλογον
673 1463 726 1534 ότι
752 1465 792 1534 ἐν
818 1465 970 1557 Θήβαις
998 1464 1211 1557 ἐτελεύτησεν.
1261 1471 1307 1536 Α1
1332 1495 1396 1556 quo

228 1578 319 1645 leto?
344 1578 527 1662 Diligenter
549 1577 718 1643 observato
741 1600 801 1643 usu
823 1578 971 1644 vocabuli
994 1577 1158 1665 δουπῆσαι
1181 1579 1291 1644 statim
1311 1579 1397 1644 hunc

228 1686 369 1750 fructrm
383 1686 476 1768 oepit,
501 1686 588 1768 quod
601 1685 668 1750 fato
684 1707 750 1750 non
764 1685 896 1768 periisse
911 1686 1081 1769 perspexit,
1103 1687 1160 1751 sed
1173 1686 1258 1751 bello
1280 1687 1398 1772 potius.

230 1792 301 1870 Quo
328 1797 437 1857 tamen
464 1792 537 1858 loco
563 1815 630 1858 non
657 1791 810 1857 substitit.
861 1791 926 1858 Sed
955 1793 1101 1879 legamus
1128 1793 1267 1878 primum
1294 1794 1398 1879 ipsam

229 1899 485 1964 annotationem:
515 1895 572 1963 aci
593 1895 680 1980 πρὸς
699 1896 737 1964 τὸ
760 1890 976 1975 δεδουπότος·
1005 1894 1038 1965 οἱ
1059 1895 1315 1989 γλωσσογράφοι
1335 1900 1397 1987 γὰρ

228 2000 264 2071 ἓν
286 1999 362 2070 ἀνθ’
386 2001 459 2086 ἑνὸς
477 2000 679 2094 τεθνηκότος
699 2001 898 2086 ἐξεδέξαντο.
938 2003 975 2072 ἐκ
996 2005 1231 2093 παρεπομένου
1261 2007 1298 2075 δὲ
1321 2034 1399 2095 νοη-

227 2110 302 2180 τέον
324 2106 468 2199 δτιῆτοι
490 2111 524 2180 ἒν
545 2110 684 2200 πολέμῳ
705 2106 925 2202 τετελεύτηκε·
947 2119 1102 2204 ψοφοῦσι
1122 2112 1183 2203 γὰρ
1206 2112 1238 2182 οἱ
1258 2113 1399 2183 πίπτον-

209 2205 295 2298 τες·
323 2216 509 2310 ,δούπησεν
532 2219 569 2288 δὲ
590 2216 739 2287 πεσιόνκ·
770 2213 797 2304 ἢ
818 2217 1076 2309 κατεκρήμνισεν
1097 2217 1225 2289 ἑαυτόν·
1259 2208 1316 2292 καὶ
1337 2223 1397 2310 γὰρ

230 2317 327 2408 οὗτος
347 2323 366 2396 ό
389 2324 538 2407 θάνατος
558 2327 641 2411 μετὰ
663 2324 791 2418 ψόφου.
826 2329 920 2396 Β1110
936 2332 1065 2415 perisse,
1089 2354 1126 2398 eo
1149 2333 1286 2416 primum
1308 2336 1398 2401 duxit

229 2438 474 2505 Homerioorum
499 2439 644 2504 locorum
674 2439 881 2524 comparatio.
929 2439 975 2504 At
1000 2440 1139 2525 pupugit
1161 2440 1224 2506 hoo
1245 2443 1397 2509 animum.

230 2547 301 2624 Ouo
325 2547 410 2612 enim
431 2545 519 2612 bello
536 2545 695 2629 Oedipum
716 2546 867 2612 cecidisse
888 2548 1068 2632 fingamus?
1088 2548 1246 2614 Vooabuli
1267 2553 1398 2636 etymon

228 2655 455 2739 propriamque
480 2653 647 2719 notionem
675 2655 896 2737 spectantibus
928 2655 1089 2721 videbitur
1126 2657 1164 2722 de
1196 2658 1285 2722 omni
1318 2681 1397 2725 nece

229 2762 373 2827 adhiberi
395 2761 558 2846 potuisse,
584 2783 666 2845 quae
692 2762 730 2825 fit
758 2784 831 2826 oum
858 2763 1003 2846 strepitu.
1057 2763 1142 2841 Quid
1163 2764 1190 2829 si
1211 2766 1315 2850 prisca
1336 2767 1398 2833 fuit

228 2870 345 2950 fabula,
367 2869 526 2953 Oedipum
543 2861 667 2955 flagitio
683 2873 716 2933 et
735 2870 853 2935 scelere
867 2870 1028 2955 patefacto
1050 2894 1122 2936 cum
1141 2876 1278 2938 mortem
1300 2897 1397 2958 quae·

229 2982 314 3042 reret
345 3000 383 3042 ex
414 2977 471 3042 illa
499 2977 627 3042 funesta
653 2999 733 3060 rupe
760 3000 829 3042 sese
852 2978 1031 3057 demisisse,
1052 2958 1128 3063 'qua
1153 2979 1292 3047 immane
1319 2982 1397 3047 olim
1448 2981 1451 2986 ’

229 3088 409 3150 monstrum
440 3090 491 3150 tot
516 3084 707 3168 praecipites
734 3086 865 3151 dederat
888 3087 1048 3170 hospitae,
1082 3109 1146 3170 qua
1170 3087 1227 3153 illo
1253 3092 1398 3174 tempore

231 3193 324 3258 deiioi
339 3197 372 3257 et
385 3192 447 3277 ipsi
468 3191 584 3258 fuisset
602 3192 766 3276 optatius?
786 3192 859 3258 Hoc
880 3193 965 3259 belle
987 3194 1212 3280 excogitatum.
1245 3196 1291 3262 of.
1304 3195 1397 3264 Euat.

148 3300 344 3393 (112)<1323,
369 3301 425 3385 48>
458 3290 479 3387 ἢ
509 3291 560 3375 ὡς
591 3292 955 3386 ὑπερπαθήσαντος
984 3298 1041 3366 καὶ
1076 3299 1399 3389 κατακρημνίσαιτος

230 3401 346 3473 ἑαυτὸν
372 3404 422 3491 (ἐξ
444 3401 574 3496 ὕψους).
626 3407 780 3473 Attamen
811 3410 987 3489 constanti,
1026 3410 1081 3494 qui
1109 3411 1194 3495 apud
1220 3411 1398 3478 Homerum

230 3515 383 3601 exemplis
404 3516 573 3600 probatur,
598 3516 671 3580 usui
701 3518 827 3579 tantum
854 3517 1005 3582 tribuisse
1036 3522 1073 3584 ut
1097 3520 1287 3603 propensior
1313 3526 1399 3587 11111

230 3624 271 3688 ad
285 3623 414 3688 caedem
432 3623 467 3686 in
489 3622 607 3688 bellica
627 3623 828 3707 expeditione
849 3623 1103 3710 intelligendam,
1123 3626 1271 3692 concludi
1290 3633 1399 3713 potest

172 3805 174 3814 Ι
230 3753 269 3795 ex
290 3729 478 3815 Apollonio,
503 3731 558 3814 qui
581 3731 664 3796 hanc
686 3731 786 3795 solam
810 3731 877 3796 eius
901 3732 1148 3818 explicationem
1170 3741 1399 3801 commemorat

166 3842 172 3849 ”
229 3861 259 3922 p.
277 3844 336 3905 286
359 3838 423 3922 (60,
447 3845 483 3903 11
499 3836 573 3923 Β1.>
596 3837 778 3925 δουπῆσαιε
799 3842 969 3926 ψοφῆοαι·
993 3837 1030 3906 ἐκ
1052 3837 1089 3906 δὲ
1108 3843 1166 3906 τοῦ
1187 3843 1399 3928 παρακολου-

229 3947 373 4020 θοῦντος
398 3936 587 4009 ἀποθανεῖν
606 3936 752 4009 πεσόντα
774 3940 808 4009 ἐν
830 3942 984 4034 πολέμῳ·
1016 3944 1099 4014 ὅθεν
1120 3946 1234 4016 καὶτὸ
1255 3950 1398 4031 ,,δεδου-

230 4045 335 4130 πότος
353 4044 572 4119 Οἰδιπόδαν(
586 4045 703 4119 όκοόει
718 4045 736 4117 ὃ
749 4045 961 4138 Ἀρίσταρχος
976 4053 1010 4122 ἐν
1029 4052 1168 4144 πολέμῳ
1184 4051 1398 4147 ἀνῃρημένου.

231 4159 294 4227 Vix
314 4162 493 4245 putaverim
514 4161 634 4246 aliquid
657 4161 818 4228 excidisse.
