3008 4980
221 285 279 347 168
400 276 449 330 ΙΠ.
477 275 518 330 Dc
536 271 689 329 Aristarchi
705 269 822 328 scientia
839 271 1016 342 antiquitatis
1031 272 1204 329 Homericae.

218 439 297 532 λέγῃ
325 435 398 521 „oie
426 436 458 507 δ’
486 433 530 509 ὅτ’
562 434 620 506 ἀπ’
652 432 848 522 Οάλάμττοιο
873 434 976 529 νέφος
998 434 1166 526 έρχετααῑ,
1194 434 1266 508 άπὸ
1292 433 1387 526 άροος

218 544 379 637 σημαίνει.

300 675 388 761 Ergo
416 697 455 740 ex
479 676 541 740 hoe
564 696 657 740 versu
683 677 811 739 tantum
837 673 998 759 expedivit
1018 678 1173 760 quantum
1193 675 1237 758 (si
1259 674 1385 762 quidem

217 783 352 850 Homeri
366 782 418 849 vel
431 782 643 870 intelligentis
657 785 773 866 poetae
792 803 861 847 esse
881 782 1064 867 statuimus)
1086 782 1229 868 expediri
1250 786 1385 868 poterat,

217 892 271 957 hic
296 890 394 957 etiam
415 889 588 975 Olympum
613 913 632 954 a
660 888 750 954 coelo
777 888 936 954 diversum
957 912 1026 955 esse
1048 894 1081 956 et
1099 890 1273 976 Olympum
1296 894 1385 958 monss

218 1003 292 1065 tem.
336 997 401 1064 Sed
421 997 547 1081 reliqua
567 1018 634 1062 non
656 995 831 1081 expedivit,
861 1000 899 1062 ut
923 997 986 1062 sibi
1006 996 1211 1066 satisfaceret.
1253 999 1308 1066 Ad
1328 1006 1384 1069 365

217 1084 296 1172 haec
310 1104 464 1191 legimus:
485 1107 556 1181 πῶς
571 1096 729 1187 αἰθέρος,·
752 1100 794 1167 τὰ
810 1099 871 1187 γάρ
887 1095 986 1190 πάθη
1003 1106 1107 1168 ταῦτα
1128 1102 1205 1188 περὶ
1224 1102 1284 1171 τὸν
1306 1098 1385 1188 ἀέρα

218 1209 432 1299 συμβέβηκεν.
471 1203 556 1290 τάχα
583 1200 642 1275 οὖν
662 1213 826 1294 σαγχεῖται
853 1203 870 1274 ὁ
897 1201 962 1294 άὴρ
988 1207 1073 1293 πρὸς
1096 1207 1152 1277 τὸν
1174 1205 1316 1298 αἰθέρα,
1344 1207 1385 1291 ὡς

218 1318 276 1387 καί
297 1317 331 1386 έν
351 1321 392 1410 τῇ
409 1321 448 1383 Λ
462 1320 528 1402 (54)
550 1316 692 1400 ,αἵματι
713 1313 883 1401 μυδαλέας
904 1313 942 1398 ἒξ
959 1311 1122 1402 αἰθέρος“
1142 1317 1200 1386 καί
1219 1318 1332 1400 „Zeis
1352 1314 1382 1386 δ’

218 1420 305 1508 ἔλαχ’
330 1419 470 1511 οὐρανὸν
492 1417 586 1509 eripis*
608 1420 643 1490 έν
664 1417 780 1509 αἰθέρι
799 1421 857 1491 καί
877 1421 1072 1512 νεφέεσσινα
1094 1428 1242 1512 (0192)·
1263 1421 1302 1494 οἰ
1325 1425 1383 1513 γάρ

219 1531 255 1601 αἰ
282 1529 422 1620 νεφέλαι
447 1529 482 1597 έν
506 1534 553 1618 τῷ
578 1524 695 1614 αἰθέρι
716 1532 810 1616 (AD).
856 1532 929 1599 Nisi
951 1536 1059 1600 omnia
1078 1557 1131 1602 mc
1152 1534 1282 1614 fallunt,
1307 1537 1384 1602 haec

219 1642 365 1728 exempla
394 1662 460 1706 non
486 1643 562 1706 sunt
593 1642 633 1706 ab
661 1640 848 1707 Aristarcho
877 1641 946 1725 (qui
972 1643 1120 1708 subtilior
1142 1646 1211 1709 erat
1232 1666 1330 1729 quam
1350 1647 1384 1710 ut

217 1750 281 1817 illis
309 1772 403 1815 usum
423 1747 652 1813 vocabulorum
677 1749 718 1813 ab
740 1748 811 1834 ipso
834 1749 1037 1816 observatum
1057 1751 1237 1817 necessario
1258 1755 1382 1837 pertur-

217 1858 287 1923 bari
314 1857 468 1939 erederet)
495 1855 552 1921 sed
579 1855 736 1921 debentur
763 1856 936 1941 discipulis.
987 1856 1060 1942 Ipse
1092 1860 1219 1924 tantum
1249 1859 1383 1925 dixerat:

218 1960 271 2028 ὅτι
297 1962 390 2028 δοκεῖ
413 1965 609 2046 συγχεῖσθαι
639 1956 658 2027 ὃ
685 1954 750 2048 άὴρ
776 1960 859 2048 πρὸς
881 1961 940 2030 τὸν
965 1957 1108 2047 αἰθέρα,
1141 1988 1222 2050 quae
1249 1990 1312 2033 vox
1338 1970 1384 2033 est

218 2071 425 2157 desperantis.
454 2069 575 2137 Mansit
588 2070 679 2136 loeus
699 2071 734 2135 in
755 2072 1023 2151 ‚‚insolubilibus“.
1051 2071 1194 2140 Nicanor
1208 2074 1267 2140 sic:
1287 2077 1382 2140 τοῦτο

217 2174 385 2262 ἑκατέροις
406 2169 543 2242 δύναται
564 2177 816 2262 προοδίδοοθαι
840 2182 894 2263 (sc.
909 2173 1050 2264 αἰθέρος
1070 2176 1107 2246 ἐκ
1128 2175 1227 2266 δίης)·
1248 2178 1287 2247 τὸ
1307 2177 1383 2265 μέτ-

216 2309 270 2351 τοι
293 2284 419 2372 ζήτημα
443 2279 569 2368 ὁμοίως
588 2281 696 2368 μένει·
725 2278 825 2371 άέρος
850 2285 911 2372 γάρ
940 2279 1040 2374 τάθη
1066 2290 1178 2356 ταῦτα.
1217 2281 1302 2370 τάχα
1328 2279 1384 2356 οὖν

218 2395 325 2458 κεῖται
346 2388 364 2458 ὁ
386 2385 493 2480 αἰθὴρ
516 2385 589 2458 άντί
609 2395 669 2460 τοῦ
690 2387 797 2478 άέρος.
834 2396 983 2463 Oeterum
997 2419 1057 2463 nec
1070 2396 1167 2464 hodie
1182 2397 1279 2465 solvit
1300 2399 1383 2485 quis·

219 2525 315 2587 quam
327 2502 412 2568 hanc
427 2502 649 2586 quaestionem
663 2526 723 2570 neo
738 2504 842 2570 solvet
857 2503 944 2569 olim·
980 2503 1016 2570 Si
1031 2504 1160 2589 quidem
1178 2507 1383 2572 statuendum

218 2615 267 2676 est
281 2609 382 2676 ullum
397 2611 522 2695 antiqui
536 2611 618 2676 vatis
636 2611 671 2675 in
685 2611 736 2677 his
750 2612 855 2679 inesse
869 2612 1050 2698 vestigium,
1071 2613 1213 2698 suspicer
1227 2613 1261 2679 in
1283 2613 1382 2680 altero

217 2741 310 2785 versu
331 2718 430 2785 fuisse
453 2711 582 2802 αἰγίδος
603 2714 640 2783 έκ
662 2712 735 2803 δίης
756 2721 795 2801 (v.
817 2721 849 2783 A
872 2723 942 2802 167)
954 2719 1005 2783 ¹⁰⁵.

298 2842 394 2910 Nunc
420 2844 657 2929 (praeterquam
684 2843 770 2927 quod
797 2865 863 2908 non
891 2844 1002 2910 dicunt
1034 2845 1165 2911 omnino
1193 2847 1249 2931 qui
1276 2847 1383 2914 locum

216 2952 269 3017 hic
283 2951 401 3017 habeat
417 2943 567 3034 οὐρανός)
583 2950 745 3037 explicant
759 2943 899 3036 αἰθέρος
913 2946 950 3016 ἐκ
973 2945 1046 3036 δίης
1065 2975 1123 3034 „ex
1137 2953 1228 3020 coelo
1243 2960 1382 3023 sereno“.

218 3058 313 3137 Quod
331 3058 447 3124 falsum
465 3062 524 3124 est.

135 3199 206 3268 (174)
300 3182 382 3249 Vide
412 3205 553 3249 convexa
579 3183 659 3249 coeli
685 3185 826 3250 nubibus
848 3189 1013 3271 cooperta,
1038 3185 1091 3250 hio
1112 3186 1203 3252 loeus
1225 3188 1282 3272 qui
1303 3189 1385 3255 infra

217 3292 320 3357 nubes
343 3295 391 3357 est
412 3291 540 3377 proprie
563 3290 679 3357 dieitur
700 3282 780 3375 άήρ;
804 3292 859 3375 qui
873 3292 958 3357 ultra
974 3294 1076 3359 nubes
1093 3286 1247 3379 οὐρανάς;
1268 3298 1385 3365 sensim

152 3459 159 3474 ,
217 3397 267 3462 fac
288 3398 400 3464 nubila
421 3398 595 3463 disturbari
616 3402 650 3465 et
668 3398 796 3464 caerula
817 3421 985 3484 apparere3
1006 3401 1070 3466 iam

541 3524 647 3610 aspice
668 3524 731 3590 hoc
752 3523 891 3589 sublime
912 3524 1060 3606 candens,

216 3646 269 3711 hic
296 3649 346 3712 est
370 3639 493 3732 αἰθήρτ
529 3648 586 3732 qui
609 3647 748 3715 nubibus
773 3649 912 3716 disiectis
942 3651 1092 3736 erumpit,
1118 3652 1206 3736 quod
1226 3653 1386 3721 Homerus

154 3774 202 3826 170
219 3753 297 3819 dicit
322 3745 489 3842 ὑπερράγη
516 3747 659 3832 άοτιετος
685 3748 791 3842 αἰθήρ
823 3758 943 3826 9558.
977 3761 1016 3821 Π
1034 3763 1103 3828 300.
1143 3759 1207 3838 Qui
1234 3762 1262 3826 si
1287 3761 1385 3828 nullis

217 3861 357 3927 nubibus
376 3867 481 3929 tectus
504 3868 562 3943 est,
584 3865 732 3932 homines
753 3869 829 3932 sunt
849 3858 904 3930 ὑπ’
929 3858 1056 3951 αἰθέρι,
1078 3869 1107 3930 Ρ
1126 3873 1199 3936 371:

342 3980 374 4052 οἰ
396 3979 427 4051 δ’
452 3979 551 4053 άλλοι
576 3990 686 4072 Τρῶες
707 3987 764 4055 καὶ
785 3983 980 4078 ἐϋκνήμιδες
997 3984 1127 4071 Ἀχαιοὶ

340 4085 476 4180 εὔκηλοι
496 4091 680 4180 πολέμιζον
699 4090 755 4163 ὑπ’
780 4091 908 4183 αἰθέρι·
930 4095 1082 4165 πέπτατο
1105 4091 1137 4164 δ’
1163 4092 1245 4187 αὐγὴ

286 4332 323 4375 105
342 4330 395 4387 Pro
414 4323 539 4401 οὐρανὸν
557 4323 627 4387 sico
645 4330 791 4403 epitheton
808 4332 926 4404 Olympi.
