<?xml version="1.0" encoding="UTF-8"?>
<!DOCTYPE html PUBLIC "-//W3C//DTD XHTML 1.0 Transitional//EN"
    "http://www.w3.org/TR/xhtml1/DTD/xhtml1-transitional.dtd">
<html xmlns="http://www.w3.org/1999/xhtml" xml:lang="en" lang="en">
 <head>
  <title>
</title>
<meta http-equiv="Content-Type" content="text/html;charset=utf-8" />
  <meta name='ocr-system' content='tesseract 3.04.00' />
  <meta name='ocr-capabilities' content='ocr_page ocr_carea ocr_par ocr_line ocrx_word'/>
</head>
<body>
  <div class='ocr_page' id='page_1' title='image "./dearistarchistu01lehrgoog/dearistarchistu01lehrgoog_0206.png"; bbox 0 0 3008 4980; ppageno 0'>
   <div class='ocr_carea' id='block_1_1' title="bbox 492 312 1303 402">
    <p class='ocr_par' dir='ltr' id='par_1_1' title="bbox 492 312 1303 402">
     <span class='ocr_line' id='line_1_1' title="bbox 492 312 1303 402; baseline 0.012 -18"><span class='ocrx_word' id='word_1_1' title='bbox 492 335 515 386; x_wconf 84' lang='lat'><strong><em>3.</em></strong></span> <span class='ocrx_word' id='word_1_2' title='bbox 544 329 585 384; x_wconf 86' lang='lat' dir='ltr'><strong><em>De</em></strong></span> <span class='ocrx_word' id='word_1_3' title='bbox 603 331 680 386; x_wconf 77' lang='lat' dir='ltr'>cultu</span> <span class='ocrx_word' id='word_1_4' title='bbox 698 331 727 386; x_wconf 72' lang='lat' dir='ltr'><strong><em>et</em></strong></span> <span class='ocrx_word' id='word_1_5' title='bbox 738 312 820 387; x_wconf 60' lang='lat' dir='ltr'><strong>‘victu</strong></span> <span class='ocrx_word' id='word_1_6' title='bbox 837 331 960 387; x_wconf 85' lang='lat' dir='ltr'><strong>heroum.</strong></span> <span class='ocrx_word' id='word_1_7' title='bbox 1249 341 1303 402; x_wconf 75' lang='grc'><strong><em>191</em></strong></span> 
     </span>
    </p>
   </div>
   <div class='ocr_carea' id='block_1_2' title="bbox 559 498 889 566">
    <p class='ocr_par' dir='ltr' id='par_1_2' title="bbox 559 498 889 566">
     <span class='ocr_line' id='line_1_2' title="bbox 559 498 889 566; baseline 0.003 -2"><span class='ocrx_word' id='word_1_8' title='bbox 559 498 698 565; x_wconf 72' lang='grc' dir='ltr'><strong><em>θεείου</em></strong></span> <span class='ocrx_word' id='word_1_9' title='bbox 717 500 889 566; x_wconf 83' lang='lat' dir='ltr'>Veneris.</span> 
     </span>
    </p>
   </div>
   <div class='ocr_carea' id='block_1_3' title="bbox 138 641 1307 1162">
    <p class='ocr_par' dir='ltr' id='par_1_3' title="bbox 138 641 1307 1162">
     <span class='ocr_line' id='line_1_3' title="bbox 223 641 1307 734; baseline -0.003 -17"><span class='ocrx_word' id='word_1_10' title='bbox 223 641 387 733; x_wconf 55' lang='lat'>5214&amp;</span> <span class='ocrx_word' id='word_1_11' title='bbox 415 645 533 734; x_wconf 74' lang='grc' dir='ltr'><strong><em>διπλῆ)</em></strong></span> <span class='ocrx_word' id='word_1_12' title='bbox 561 643 614 714; x_wconf 79' lang='grc' dir='ltr'><strong><em>ὅτι</em></strong></span> <span class='ocrx_word' id='word_1_13' title='bbox 639 646 754 728; x_wconf 88' lang='grc' dir='ltr'><strong><em>κεστὸς</em></strong></span> <span class='ocrx_word' id='word_1_14' title='bbox 779 647 816 715; x_wconf 80' lang='grc' dir='ltr'><strong><em>ἐκ</em></strong></span> <span class='ocrx_word' id='word_1_15' title='bbox 841 644 1077 734; x_wconf 78' lang='grc' dir='ltr'><strong><em>παρεπομένου</em></strong></span> <span class='ocrx_word' id='word_1_16' title='bbox 1105 643 1123 714; x_wconf 85' lang='grc' dir='ltr'>ὁ</span> <span class='ocrx_word' id='word_1_17' title='bbox 1149 642 1307 726; x_wconf 79' lang='grc' dir='ltr'><strong><em>ποικίλος</em></strong></span> 
     </span>
     <span class='ocr_line' id='line_1_4' title="bbox 140 748 1307 844; baseline 0.003 -26"><span class='ocrx_word' id='word_1_18' title='bbox 140 748 211 820; x_wconf 87' lang='grc' dir='ltr'><strong><em>ἀπὸ</em></strong></span> <span class='ocrx_word' id='word_1_19' title='bbox 232 757 292 819; x_wconf 81' lang='grc' dir='ltr'><strong><em>τοῦ</em></strong></span> <span class='ocrx_word' id='word_1_20' title='bbox 313 751 370 819; x_wconf 88' lang='grc' dir='ltr'><strong><em>διὰ</em></strong></span> <span class='ocrx_word' id='word_1_21' title='bbox 391 751 452 832; x_wconf 82' lang='grc' dir='ltr'><strong><em>τὰς</em></strong></span> <span class='ocrx_word' id='word_1_22' title='bbox 463 751 575 844; x_wconf 82' lang='grc' dir='ltr'><strong><em>ῥαφὰς</em></strong></span> <span class='ocrx_word' id='word_1_23' title='bbox 594 759 831 844; x_wconf 75' lang='grc' dir='ltr'><strong><em>κεκεντῆσθαι,’</em></strong></span> <span class='ocrx_word' id='word_1_24' title='bbox 847 752 1151 842; x_wconf 68' lang='grc' dir='ltr'><strong><em>ἐμπεποικιλμένας</em></strong></span> <span class='ocrx_word' id='word_1_25' title='bbox 1170 757 1230 842; x_wconf 78' lang='grc' dir='ltr'><strong><em>τῆς</em></strong></span> <span class='ocrx_word' id='word_1_26' title='bbox 1251 779 1307 844; x_wconf 81' lang='grc' dir='ltr'><strong><em>φι-</em></strong></span> 
     </span>
     <span class='ocr_line' id='line_1_5' title="bbox 139 854 1305 950; baseline 0.003 -25"><span class='ocrx_word' id='word_1_27' title='bbox 139 856 278 950; x_wconf 82' lang='grc' dir='ltr'><strong><em>λότητος</em></strong></span> <span class='ocrx_word' id='word_1_28' title='bbox 295 860 352 927; x_wconf 82' lang='grc' dir='ltr'><strong><em>καί</em></strong></span> <span class='ocrx_word' id='word_1_29' title='bbox 373 857 488 948; x_wconf 72' lang='grc' dir='ltr'><strong><em>ἱμέρου</em></strong></span> <span class='ocrx_word' id='word_1_30' title='bbox 510 859 567 927; x_wconf 82' lang='grc' dir='ltr'><strong><em>καί</em></strong></span> <span class='ocrx_word' id='word_1_31' title='bbox 589 854 772 948; x_wconf 86' lang='grc' dir='ltr'><strong><em>δαριοτάος.</em></strong></span> <span class='ocrx_word' id='word_1_32' title='bbox 805 862 862 930; x_wconf 91' lang='grc' dir='ltr'><strong><em>καί</em></strong></span> <span class='ocrx_word' id='word_1_33' title='bbox 884 858 943 930; x_wconf 88' lang='grc' dir='ltr'><strong><em>οάκ</em></strong></span> <span class='ocrx_word' id='word_1_34' title='bbox 965 859 1034 931; x_wconf 81' lang='grc' dir='ltr'><strong><em>έστι</em></strong></span> <span class='ocrx_word' id='word_1_35' title='bbox 1056 861 1168 947; x_wconf 86' lang='grc' dir='ltr'><strong><em>κύριον</em></strong></span> <span class='ocrx_word' id='word_1_36' title='bbox 1189 857 1305 948; x_wconf 69' lang='grc' dir='ltr'><strong><em>ὄνομα,</em></strong></span> 
     </span>
     <span class='ocr_line' id='line_1_6' title="bbox 140 963 1306 1056; baseline 0 -21"><span class='ocrx_word' id='word_1_37' title='bbox 140 963 185 1048; x_wconf 87' lang='grc' dir='ltr'><strong><em>ῶς</em></strong></span> <span class='ocrx_word' id='word_1_38' title='bbox 211 965 297 1036; x_wconf 79' lang='grc' dir='ltr'><strong><em>ένιοι</em></strong></span> <span class='ocrx_word' id='word_1_39' title='bbox 321 972 386 1035; x_wconf 88' lang='grc' dir='ltr'><strong><em>τῶν</em></strong></span> <span class='ocrx_word' id='word_1_40' title='bbox 408 963 565 1054; x_wconf 86' lang='grc' dir='ltr'><strong><em>ἀρχαίων·</em></strong></span> <span class='ocrx_word' id='word_1_41' title='bbox 596 966 650 1036; x_wconf 85' lang='grc' dir='ltr'><strong><em>διὸ</em></strong></span> <span class='ocrx_word' id='word_1_42' title='bbox 673 968 729 1037; x_wconf 85' lang='grc' dir='ltr'><strong><em>καὶ</em></strong></span> <span class='ocrx_word' id='word_1_43' title='bbox 751 965 803 1037; x_wconf 78' lang='grc' dir='ltr'><strong><em>ἐπ’</em></strong></span> <span class='ocrx_word' id='word_1_44' title='bbox 827 963 931 1039; x_wconf 82' lang='grc' dir='ltr'><strong><em>ἀλλοο</em></strong></span> <span class='ocrx_word' id='word_1_45' title='bbox 954 969 1042 1056; x_wconf 81' lang='grc' dir='ltr'><em>λέγει</em></span> <span class='ocrx_word' id='word_1_46' title='bbox 1063 963 1168 1056; x_wconf 70' lang='grc' dir='ltr'><strong><em>,ἀίμχε</em></strong></span> <span class='ocrx_word' id='word_1_47' title='bbox 1189 967 1227 1037; x_wconf 89' lang='grc' dir='ltr'><strong><em>δέ</em></strong></span> <span class='ocrx_word' id='word_1_48' title='bbox 1247 994 1306 1056; x_wconf 91' lang='grc' dir='ltr'><strong><em>μιν</em></strong></span> 
     </span>
     <span class='ocr_line' id='line_1_7' title="bbox 138 1069 625 1162; baseline 0.014 -22"><span class='ocrx_word' id='word_1_49' title='bbox 138 1072 344 1156; x_wconf 79' lang='grc' dir='ltr'><strong><em>πολύκεστος</em></strong></span> <span class='ocrx_word' id='word_1_50' title='bbox 359 1069 463 1159; x_wconf 78' lang='grc' dir='ltr'><strong><em>ίμοίς“</em></strong></span> <span class='ocrx_word' id='word_1_51' title='bbox 485 1078 528 1162; x_wconf 84' lang='grc' dir='ltr'><strong><em>(Γ</em></strong></span> <span class='ocrx_word' id='word_1_52' title='bbox 544 1082 625 1162; x_wconf 94' lang='grc'>371).</span> 
     </span>
    </p>
   </div>
   <div class='ocr_carea' id='block_1_4' title="bbox 608 1320 838 1329">
    <p class='ocr_par' dir='ltr' id='par_1_4' title="bbox 608 1320 838 1329">
     <span class='ocr_line' id='line_1_8' title="bbox 608 1320 838 1329; baseline -0.004 0"><span class='ocrx_word' id='word_1_53' title='bbox 608 1320 838 1329; x_wconf 82' lang='lat'><strong>—.---—-—-—-</strong></span> 
     </span>
    </p>
   </div>
   <div class='ocr_carea' id='block_1_5' title="bbox 617 1527 793 1605">
    <p class='ocr_par' dir='ltr' id='par_1_5' title="bbox 617 1527 793 1605">
     <span class='ocr_line' id='line_1_9' title="bbox 617 1527 793 1605; baseline 0.006 -3"><span class='ocrx_word' id='word_1_54' title='bbox 617 1548 620 1552; x_wconf 88' lang='grc'><em>·</em></span> <span class='ocrx_word' id='word_1_55' title='bbox 660 1527 701 1605; x_wconf 83' lang='lat'><strong><em>0.</em></strong></span> <span class='ocrx_word' id='word_1_56' title='bbox 726 1528 793 1604; x_wconf 90' lang='lat' dir='ltr'><strong>III.</strong></span> 
     </span>
    </p>
   </div>
   <div class='ocr_carea' id='block_1_6' title="bbox 431 1693 953 1760">
    <p class='ocr_par' dir='ltr' id='par_1_6' title="bbox 431 1693 953 1760">
     <span class='ocr_line' id='line_1_10' title="bbox 431 1693 953 1760; baseline 0.002 -4"><span class='ocrx_word' id='word_1_57' title='bbox 431 1708 433 1713; x_wconf 84' lang='grc'><strong><em>·</em></strong></span> <span class='ocrx_word' id='word_1_58' title='bbox 490 1693 540 1758; x_wconf 83' lang='lat' dir='ltr'><strong><em>De</em></strong></span> <span class='ocrx_word' id='word_1_59' title='bbox 559 1695 647 1760; x_wconf 75' lang='grc' dir='ltr'><strong><em>ευλα</em></strong></span> <span class='ocrx_word' id='word_1_60' title='bbox 667 1708 697 1759; x_wconf 76' lang='grc' dir='ltr'><strong><em>ιι</em></strong></span> <span class='ocrx_word' id='word_1_61' title='bbox 716 1697 799 1759; x_wconf 69' lang='lat' dir='ltr'><em>victa</em></span> <span class='ocrx_word' id='word_1_62' title='bbox 819 1694 953 1758; x_wconf 77' lang='lat' dir='ltr'><strong><em>heroum.</em></strong></span> 
     </span>
    </p>
   </div>
   <div class='ocr_carea' id='block_1_7' title="bbox 136 1847 1386 2701">
    <p class='ocr_par' dir='ltr' id='par_1_7' title="bbox 136 1847 1386 2701">
     <span class='ocr_line' id='line_1_11' title="bbox 221 1847 1304 1940; baseline 0.003 -17"><span class='ocrx_word' id='word_1_63' title='bbox 221 1857 239 1940; x_wconf 61' lang='grc' dir='ltr'>ᾗ</span> <span class='ocrx_word' id='word_1_64' title='bbox 271 1865 295 1923; x_wconf 90' lang='grc'>1.</span> <span class='ocrx_word' id='word_1_65' title='bbox 344 1856 446 1924; x_wconf 80' lang='lat' dir='ltr'><strong>Locos</strong></span> <span class='ocrx_word' id='word_1_66' title='bbox 480 1859 604 1924; x_wconf 75' lang='lat' dir='ltr'>notavit</span> <span class='ocrx_word' id='word_1_67' title='bbox 635 1861 720 1924; x_wconf 88' lang='lat' dir='ltr'>unde</span> <span class='ocrx_word' id='word_1_68' title='bbox 753 1858 797 1925; x_wconf 85' lang='lat' dir='ltr'><strong><em>de¹</em></strong></span> <span class='ocrx_word' id='word_1_69' title='bbox 819 1860 938 1925; x_wconf 70' lang='lat' dir='ltr'><strong>vestitu</strong></span> <span class='ocrx_word' id='word_1_70' title='bbox 970 1847 1106 1924; x_wconf 58' lang='lat' dir='ltr'><strong>heroum</strong></span> <span class='ocrx_word' id='word_1_71' title='bbox 1134 1862 1304 1926; x_wconf 73' lang='lat' dir='ltr'><strong>constaret.</strong></span> 
     </span>
     <span class='ocr_line' id='line_1_12' title="bbox 137 1957 1305 2053; baseline -0.003 -20"><span class='ocrx_word' id='word_1_72' title='bbox 137 1960 171 2033; x_wconf 84' lang='grc' dir='ltr'><em>Ξ</em></span> <span class='ocrx_word' id='word_1_73' title='bbox 191 1970 249 2033; x_wconf 88' lang='lat'><strong><em>178</em></strong></span> <span class='ocrx_word' id='word_1_74' title='bbox 271 1958 304 2051; x_wconf 79' lang='grc' dir='ltr'><strong><em>(ἡ</em></strong></span> <span class='ocrx_word' id='word_1_75' title='bbox 328 1963 447 2053; x_wconf 75' lang='grc' dir='ltr'><strong><em>διπλῆ)</em></strong></span> <span class='ocrx_word' id='word_1_76' title='bbox 468 1961 521 2031; x_wconf 83' lang='grc' dir='ltr'><strong><em>ὅτι</em></strong></span> <span class='ocrx_word' id='word_1_77' title='bbox 542 1960 639 2042; x_wconf 69' lang='grc' dir='ltr'><strong><em>ἑανὸς</em></strong></span> <span class='ocrx_word' id='word_1_78' title='bbox 661 1960 679 2032; x_wconf 85' lang='grc' dir='ltr'><strong><em>δ</em></strong></span> <span class='ocrx_word' id='word_1_79' title='bbox 702 1957 801 2044; x_wconf 80' lang='grc' dir='ltr'><strong><em>αὐτὸς</em></strong></span> <span class='ocrx_word' id='word_1_80' title='bbox 822 1969 870 2053; x_wconf 76' lang='grc' dir='ltr'><strong><em>τῶ</em></strong></span> <span class='ocrx_word' id='word_1_81' title='bbox 891 1961 1026 2052; x_wconf 80' lang='grc' dir='ltr'><strong><em>πέπλῳ,</em></strong></span> <span class='ocrx_word' id='word_1_82' title='bbox 1048 1962 1105 2031; x_wconf 83' lang='grc' dir='ltr'><strong><em>καί</em></strong></span> <span class='ocrx_word' id='word_1_83' title='bbox 1126 1960 1305 2031; x_wconf 71' lang='grc' dir='ltr'><strong><em>καθόλου</em></strong></span> 
     </span>
     <span class='ocr_line' id='line_1_13' title="bbox 136 2055 1304 2161; baseline 0.004 -27"><span class='ocrx_word' id='word_1_84' title='bbox 136 2068 237 2156; x_wconf 87' lang='grc' dir='ltr'><strong><em>πρὸς</em></strong></span> <span class='ocrx_word' id='word_1_85' title='bbox 257 2070 324 2137; x_wconf 90' lang='grc' dir='ltr'><strong><em>τὸν</em></strong></span> <span class='ocrx_word' id='word_1_86' title='bbox 345 2066 569 2156; x_wconf 87' lang='grc' dir='ltr'><strong><em>στολισμόν.</em></strong></span> <span class='ocrx_word' id='word_1_87' title='bbox 611 2074 658 2140; x_wconf 78' lang='lat' dir='ltr'><strong><em>Of.</em></strong></span> <span class='ocrx_word' id='word_1_88' title='bbox 685 2077 715 2138; x_wconf 91' lang='grc' dir='ltr'><em>Π</em></span> <span class='ocrx_word' id='word_1_89' title='bbox 736 2080 755 2143; x_wconf 86' lang='grc'>0</span> <span class='ocrx_word' id='word_1_90' title='bbox 778 2067 810 2161; x_wconf 77' lang='grc' dir='ltr'><strong><em>(ἡ</em></strong></span> <span class='ocrx_word' id='word_1_91' title='bbox 836 2072 955 2160; x_wconf 79' lang='grc' dir='ltr'><strong><em>διπλῆ)</em></strong></span> <span class='ocrx_word' id='word_1_92' title='bbox 977 2055 1030 2143; x_wconf 83' lang='grc' dir='ltr'><strong><em>ὅτι</em></strong></span> <span class='ocrx_word' id='word_1_93' title='bbox 1051 2068 1148 2152; x_wconf 75' lang='grc' dir='ltr'><strong><em>ἑανὸς</em></strong></span> <span class='ocrx_word' id='word_1_94' title='bbox 1166 2070 1224 2139; x_wconf 83' lang='grc' dir='ltr'><strong><em>καί</em></strong></span> <span class='ocrx_word' id='word_1_95' title='bbox 1244 2070 1304 2139; x_wconf 90' lang='grc' dir='ltr'><strong><em>πέ-</em></strong></span> 
     </span>
     <span class='ocr_line' id='line_1_14' title="bbox 137 2174 1306 2277; baseline 0.003 -32"><span class='ocrx_word' id='word_1_96' title='bbox 137 2179 224 2258; x_wconf 90' lang='grc' dir='ltr'><strong><em>πλος</em></strong></span> <span class='ocrx_word' id='word_1_97' title='bbox 243 2177 282 2246; x_wconf 82' lang='grc' dir='ltr'><strong><em>τὸ</em></strong></span> <span class='ocrx_word' id='word_1_98' title='bbox 302 2174 424 2265; x_wconf 71' lang='grc' dir='ltr'><strong><em>ἔνδυμα</em></strong></span> <span class='ocrx_word' id='word_1_99' title='bbox 446 2183 647 2268; x_wconf 76' lang='grc' dir='ltr'><strong><em>(γυναικεῖον</em></strong></span> <span class='ocrx_word' id='word_1_100' title='bbox 669 2182 740 2249; x_wconf 82' lang='lat' dir='ltr'><strong>add.</strong></span> <span class='ocrx_word' id='word_1_101' title='bbox 754 2180 905 2248; x_wconf 73' lang='lat' dir='ltr'><strong>Lehrsius</strong></span> <span class='ocrx_word' id='word_1_102' title='bbox 923 2184 958 2248; x_wconf 89' lang='lat' dir='ltr'><strong><em>in</em></strong></span> <span class='ocrx_word' id='word_1_103' title='bbox 980 2183 1119 2277; x_wconf 74' lang='grc' dir='ltr'><strong><em>σολιοδὶες</em></strong></span> <span class='ocrx_word' id='word_1_104' title='bbox 1141 2181 1180 2248; x_wconf 84' lang='lat' dir='ltr'><strong><em>cf.</em></strong></span> <span class='ocrx_word' id='word_1_105' title='bbox 1194 2182 1306 2248; x_wconf 84' lang='lat' dir='ltr'>Fried-</span> 
     </span>
     <span class='ocr_line' id='line_1_15' title="bbox 136 2282 1306 2376; baseline -0.001 -22"><span class='ocrx_word' id='word_1_106' title='bbox 136 2289 274 2357; x_wconf 81' lang='lat' dir='ltr'>laender.</span> <span class='ocrx_word' id='word_1_107' title='bbox 289 2290 431 2356; x_wconf 75' lang='lat' dir='ltr'><strong>Ariston.</strong></span> <span class='ocrx_word' id='word_1_108' title='bbox 446 2315 478 2375; x_wconf 84' lang='lat' dir='ltr'><strong><em>p.</em></strong></span> <span class='ocrx_word' id='word_1_109' title='bbox 493 2289 579 2376; x_wconf 86' lang='grc'>256).</span> <span class='ocrx_word' id='word_1_110' title='bbox 613 2289 644 2355; x_wconf 86' lang='grc' dir='ltr'><em>Ω</em></span> <span class='ocrx_word' id='word_1_111' title='bbox 659 2295 719 2357; x_wconf 86' lang='grc'><strong><em>220</em></strong></span> <span class='ocrx_word' id='word_1_112' title='bbox 734 2282 766 2375; x_wconf 77' lang='grc' dir='ltr'><strong><em>(ἡ</em></strong></span> <span class='ocrx_word' id='word_1_113' title='bbox 786 2287 825 2374; x_wconf 91' lang='grc' dir='ltr'><strong><em>δ.)</em></strong></span> <span class='ocrx_word' id='word_1_114' title='bbox 841 2285 894 2356; x_wconf 82' lang='grc' dir='ltr'><strong><em>ὅτι</em></strong></span> <span class='ocrx_word' id='word_1_115' title='bbox 908 2285 1083 2357; x_wconf 86' lang='grc' dir='ltr'><strong><em>διέσταλκε</em></strong></span> <span class='ocrx_word' id='word_1_116' title='bbox 1098 2287 1157 2357; x_wconf 88' lang='grc' dir='ltr'><strong><em>τὸν</em></strong></span> <span class='ocrx_word' id='word_1_117' title='bbox 1175 2286 1306 2355; x_wconf 86' lang='grc' dir='ltr'><strong><em>πέπλον</em></strong></span> 
     </span>
     <span class='ocr_line' id='line_1_16' title="bbox 137 2389 1306 2483; baseline -0.001 -22"><span class='ocrx_word' id='word_1_118' title='bbox 137 2389 207 2463; x_wconf 87' lang='grc' dir='ltr'><strong><em>ἀπὸ</em></strong></span> <span class='ocrx_word' id='word_1_119' title='bbox 229 2400 294 2462; x_wconf 88' lang='grc' dir='ltr'><strong><em>τῶν</em></strong></span> <span class='ocrx_word' id='word_1_120' title='bbox 319 2395 473 2478; x_wconf 84' lang='grc' dir='ltr'><strong><em>χλαινῶν·</em></strong></span> <span class='ocrx_word' id='word_1_121' title='bbox 500 2393 623 2462; x_wconf 83' lang='grc' dir='ltr'><strong><em>καὶτὰ</em></strong></span> <span class='ocrx_word' id='word_1_122' title='bbox 652 2392 740 2483; x_wconf 82' lang='grc' dir='ltr'><em>φάρη</em></span> <span class='ocrx_word' id='word_1_123' title='bbox 770 2391 815 2474; x_wconf 89' lang='grc' dir='ltr'><strong><em>ῶς</em></strong></span> <span class='ocrx_word' id='word_1_124' title='bbox 841 2393 1071 2483; x_wconf 83' lang='grc' dir='ltr'><strong><em>διαπρέποντα</em></strong></span> <span class='ocrx_word' id='word_1_125' title='bbox 1096 2394 1154 2464; x_wconf 88' lang='grc' dir='ltr'><strong><em>τὸν</em></strong></span> <span class='ocrx_word' id='word_1_126' title='bbox 1174 2392 1306 2470; x_wconf 87' lang='grc' dir='ltr'><strong><em>πέπλον</em></strong></span> 
     </span>
     <span class='ocr_line' id='line_1_17' title="bbox 138 2494 1305 2592; baseline -0.001 -22"><span class='ocrx_word' id='word_1_127' title='bbox 138 2498 241 2582; x_wconf 73' lang='grc' dir='ltr'><strong><em>οὕτως</em></strong></span> <span class='ocrx_word' id='word_1_128' title='bbox 262 2497 524 2591; x_wconf 77' lang='grc' dir='ltr'><strong><em>προσηγόρευσεν</em></strong></span> <span class='ocrx_word' id='word_1_129' title='bbox 534 2505 649 2588; x_wconf 76' lang='lat' dir='ltr'><strong>(P)¹¹¹⁸.</strong></span> <span class='ocrx_word' id='word_1_130' title='bbox 690 2506 717 2568; x_wconf 91' lang='grc' dir='ltr'><em>Γ</em></span> <span class='ocrx_word' id='word_1_131' title='bbox 735 2511 794 2574; x_wconf 90' lang='grc'><strong><em>126</em></strong></span> <span class='ocrx_word' id='word_1_132' title='bbox 819 2500 946 2586; x_wconf 86' lang='grc' dir='ltr'><strong><em>δίπλαξ</em></strong></span> <span class='ocrx_word' id='word_1_133' title='bbox 963 2528 1005 2572; x_wconf 80' lang='lat' dir='ltr'><strong><em>sc.</em></strong></span> <span class='ocrx_word' id='word_1_134' title='bbox 1023 2502 1152 2585; x_wconf 83' lang='grc' dir='ltr'><strong><em>χλαῖνα,</em></strong></span> <span class='ocrx_word' id='word_1_135' title='bbox 1176 2494 1217 2592; x_wconf 74' lang='grc' dir='ltr'><strong><em>ἣν</em></strong></span> <span class='ocrx_word' id='word_1_136' title='bbox 1236 2498 1305 2569; x_wconf 73' lang='grc' dir='ltr'><strong><em>δἰπι</em></strong></span> 
     </span>
     <span class='ocr_line' id='line_1_18' title="bbox 138 2605 1386 2701; baseline -0.002 -23"><span class='ocrx_word' id='word_1_137' title='bbox 138 2612 261 2700; x_wconf 81' lang='grc' dir='ltr'><strong><em>διπλῆν</em></strong></span> <span class='ocrx_word' id='word_1_138' title='bbox 289 2605 537 2701; x_wconf 71' lang='grc' dir='ltr'><strong><em>ἀμφιέσασθαι.</em></strong></span> <span class='ocrx_word' id='word_1_139' title='bbox 568 2650 608 2662; x_wconf 88' lang='lat'><em>-</em></span> <span class='ocrx_word' id='word_1_140' title='bbox 640 2607 673 2683; x_wconf 79' lang='grc' dir='ltr'><em>Ξ</em></span> <span class='ocrx_word' id='word_1_141' title='bbox 698 2618 755 2681; x_wconf 86' lang='grc'><strong><em>180</em></strong></span> <span class='ocrx_word' id='word_1_142' title='bbox 785 2607 817 2699; x_wconf 79' lang='grc' dir='ltr'><strong><em>(ἡ</em></strong></span> <span class='ocrx_word' id='word_1_143' title='bbox 845 2612 887 2698; x_wconf 86' lang='grc' dir='ltr'><strong><em>δ.)</em></strong></span> <span class='ocrx_word' id='word_1_144' title='bbox 918 2607 970 2680; x_wconf 83' lang='grc' dir='ltr'><strong><em>δτι</em></strong></span> <span class='ocrx_word' id='word_1_145' title='bbox 999 2611 1083 2678; x_wconf 88' lang='grc' dir='ltr'><strong><em>κατὰ</em></strong></span> <span class='ocrx_word' id='word_1_146' title='bbox 1112 2609 1150 2677; x_wconf 87' lang='grc' dir='ltr'><strong><em>τὸ</em></strong></span> <span class='ocrx_word' id='word_1_147' title='bbox 1177 2613 1306 2698; x_wconf 71' lang='grc' dir='ltr'><strong><em>στῆθος</em></strong></span> <span class='ocrx_word' id='word_1_148' title='bbox 1316 2608 1386 2692; x_wconf 76' lang='grc'>(194)</span> 
     </span>
    </p>
   </div>
   <div class='ocr_carea' id='block_1_8' title="bbox 136 2711 1303 2914">
    <p class='ocr_par' dir='ltr' id='par_1_8' title="bbox 136 2711 1303 2914">
     <span class='ocr_line' id='line_1_19' title="bbox 137 2711 1303 2808; baseline -0.003 -22"><span class='ocrx_word' id='word_1_149' title='bbox 137 2716 356 2808; x_wconf 82' lang='grc' dir='ltr'><strong><em>έπερονῶντο,</em></strong></span> <span class='ocrx_word' id='word_1_150' title='bbox 393 2711 452 2799; x_wconf 81' lang='grc' dir='ltr'><strong><em>οὐχ</em></strong></span> <span class='ocrx_word' id='word_1_151' title='bbox 483 2711 529 2797; x_wconf 87' lang='grc' dir='ltr'><strong><em>ῶς</em></strong></span> <span class='ocrx_word' id='word_1_152' title='bbox 556 2715 652 2808; x_wconf 79' lang='grc' dir='ltr'><strong><em>ἡμεῖς</em></strong></span> <span class='ocrx_word' id='word_1_153' title='bbox 678 2717 761 2784; x_wconf 83' lang='grc' dir='ltr'><strong><em>κατὰ</em></strong></span> <span class='ocrx_word' id='word_1_154' title='bbox 795 2718 857 2808; x_wconf 82' lang='grc' dir='ltr'><strong><em>τὴν</em></strong></span> <span class='ocrx_word' id='word_1_155' title='bbox 888 2718 1089 2786; x_wconf 89' lang='grc' dir='ltr'><strong><em>κατάκλειδα</em></strong></span> <span class='ocrx_word' id='word_1_156' title='bbox 1116 2722 1174 2785; x_wconf 86' lang='grc' dir='ltr'><strong><em>τοῦ</em></strong></span> <span class='ocrx_word' id='word_1_157' title='bbox 1204 2712 1303 2804; x_wconf 84' lang='grc' dir='ltr'><strong><em>ἀίμου.</em></strong></span> 
     </span>
     <span class='ocr_line' id='line_1_20' title="bbox 136 2824 975 2914; baseline -0.004 -18"><span class='ocrx_word' id='word_1_158' title='bbox 136 2828 228 2896; x_wconf 79' lang='lat' dir='ltr'>Haec</span> <span class='ocrx_word' id='word_1_159' title='bbox 250 2828 289 2894; x_wconf 84' lang='lat' dir='ltr'><strong><em>de</em></strong></span> <span class='ocrx_word' id='word_1_160' title='bbox 309 2824 420 2893; x_wconf 76' lang='lat' dir='ltr'>multis</span> <span class='ocrx_word' id='word_1_161' title='bbox 441 2827 633 2912; x_wconf 79' lang='lat' dir='ltr'><strong>paucissima</strong></span> <span class='ocrx_word' id='word_1_162' title='bbox 655 2832 835 2914; x_wconf 73' lang='lat' dir='ltr'><strong>supersunt.</strong></span> <span class='ocrx_word' id='word_1_163' title='bbox 973 2833 975 2836; x_wconf 77' lang='grc'>’</span> 
     </span>
    </p>
   </div>
   <div class='ocr_carea' id='block_1_9' title="bbox 134 3010 1370 4075">
    <p class='ocr_par' dir='ltr' id='par_1_9' title="bbox 134 3010 1370 4075">
     <span class='ocr_line' id='line_1_21' title="bbox 221 3010 1306 3109; baseline -0.005 -22"><span class='ocrx_word' id='word_1_164' title='bbox 221 3020 240 3105; x_wconf 61' lang='grc' dir='ltr'><strong>ἕ</strong></span> <span class='ocrx_word' id='word_1_165' title='bbox 261 3025 289 3087; x_wconf 93' lang='grc'><strong><em>2.</em></strong></span> <span class='ocrx_word' id='word_1_166' title='bbox 323 3019 372 3085; x_wconf 88' lang='lat' dir='ltr'><strong><em>De</em></strong></span> <span class='ocrx_word' id='word_1_167' title='bbox 394 3021 498 3086; x_wconf 80' lang='lat' dir='ltr'><strong>armis.</strong></span> <span class='ocrx_word' id='word_1_168' title='bbox 535 3025 566 3083; x_wconf 93' lang='lat' dir='ltr'><em>Z</em></span> <span class='ocrx_word' id='word_1_169' title='bbox 584 3028 642 3088; x_wconf 84' lang='lat'><strong><em>117</em></strong></span> <span class='ocrx_word' id='word_1_170' title='bbox 665 3013 718 3084; x_wconf 82' lang='grc' dir='ltr'><strong><em>ὅτι</em></strong></span> <span class='ocrx_word' id='word_1_171' title='bbox 740 3020 933 3109; x_wconf 79' lang='grc' dir='ltr'><strong><em>περιφερεῖς</em></strong></span> <span class='ocrx_word' id='word_1_172' title='bbox 952 3016 1010 3085; x_wconf 85' lang='grc' dir='ltr'><strong><em>καί</em></strong></span> <span class='ocrx_word' id='word_1_173' title='bbox 1029 3010 1249 3104; x_wconf 77' lang='grc' dir='ltr'><strong><em>ἀνδρομήκεις</em></strong></span> <span class='ocrx_word' id='word_1_174' title='bbox 1269 3012 1306 3082; x_wconf 77' lang='grc' dir='ltr'><strong><em>αἱ</em></strong></span> 
     </span>
     <span class='ocr_line' id='line_1_22' title="bbox 138 3117 1315 3214; baseline 0.003 -23"><span class='ocrx_word' id='word_1_175' title='bbox 138 3117 281 3204; x_wconf 84' lang='grc' dir='ltr'><strong><em>ἀσπίδες</em></strong></span> <span class='ocrx_word' id='word_1_176' title='bbox 302 3121 365 3204; x_wconf 72' lang='grc' dir='ltr'><strong><em>ἕως</em></strong></span> <span class='ocrx_word' id='word_1_177' title='bbox 388 3129 519 3214; x_wconf 81' lang='grc' dir='ltr'><strong><em>σφυρῶν</em></strong></span> <span class='ocrx_word' id='word_1_178' title='bbox 544 3124 602 3191; x_wconf 82' lang='grc' dir='ltr'><strong><em>καί</em></strong></span> <span class='ocrx_word' id='word_1_179' title='bbox 628 3119 764 3207; x_wconf 76' lang='grc' dir='ltr'><strong><em>αὐχένος</em></strong></span> <span class='ocrx_word' id='word_1_180' title='bbox 789 3122 1027 3194; x_wconf 83' lang='grc' dir='ltr'><strong><em>καλύπτουσαι.</em></strong></span> <span class='ocrx_word' id='word_1_181' title='bbox 1069 3126 1152 3193; x_wconf 77' lang='lat' dir='ltr'>Item</span> <span class='ocrx_word' id='word_1_182' title='bbox 1176 3128 1207 3189; x_wconf 91' lang='lat' dir='ltr'><em>B</em></span> <span class='ocrx_word' id='word_1_183' title='bbox 1234 3122 1315 3194; x_wconf 58' lang='grc' dir='ltr'><strong><em>389.Δ</em></strong></span> 
     </span>
     <span class='ocr_line' id='line_1_23' title="bbox 135 3225 1337 3322; baseline -0.002 -23"><span class='ocrx_word' id='word_1_184' title='bbox 135 3234 183 3299; x_wconf 70' lang='lat' dir='ltr'><strong><em>A·</em></strong></span> <span class='ocrx_word' id='word_1_185' title='bbox 196 3239 246 3303; x_wconf 80' lang='lat'><strong><em>32.</em></strong></span> <span class='ocrx_word' id='word_1_186' title='bbox 289 3235 406 3304; x_wconf 87' lang='grc'><strong>0646.</strong></span> <span class='ocrx_word' id='word_1_187' title='bbox 432 3275 473 3284; x_wconf 92' lang='grc'>-</span> <span class='ocrx_word' id='word_1_188' title='bbox 499 3238 529 3301; x_wconf 85' lang='grc' dir='ltr'><em>Ε</em></span> <span class='ocrx_word' id='word_1_189' title='bbox 547 3242 608 3305; x_wconf 86' lang='grc'><strong><em>706</em></strong></span> <span class='ocrx_word' id='word_1_190' title='bbox 630 3227 663 3322; x_wconf 79' lang='grc' dir='ltr'><strong><em>(ι)</em></strong></span> <span class='ocrx_word' id='word_1_191' title='bbox 689 3233 731 3321; x_wconf 87' lang='grc' dir='ltr'><strong><em>δ.)</em></strong></span> <span class='ocrx_word' id='word_1_192' title='bbox 754 3230 806 3302; x_wconf 82' lang='grc' dir='ltr'><strong><em>ὅτι</em></strong></span> <span class='ocrx_word' id='word_1_193' title='bbox 826 3234 1015 3319; x_wconf 77' lang='grc' dir='ltr'><strong><em>τελαμῶσιν</em></strong></span> <span class='ocrx_word' id='word_1_194' title='bbox 1040 3230 1180 3301; x_wconf 73' lang='grc' dir='ltr'><strong><em>ἐπὶτῶν</em></strong></span> <span class='ocrx_word' id='word_1_195' title='bbox 1202 3225 1300 3297; x_wconf 82' lang='grc' dir='ltr'><strong><em>ἀσπί-</em></strong></span> <span class='ocrx_word' id='word_1_196' title='bbox 1330 3293 1337 3309; x_wconf 83' lang='grc'><strong>,</strong></span> 
     </span>
     <span class='ocr_line' id='line_1_24' title="bbox 137 3335 1304 3431; baseline -0.001 -24"><span class='ocrx_word' id='word_1_197' title='bbox 137 3341 204 3407; x_wconf 85' lang='grc' dir='ltr'><strong><em>δῶν</em></strong></span> <span class='ocrx_word' id='word_1_198' title='bbox 226 3337 374 3425; x_wconf 75' lang='grc' dir='ltr'><strong><em>ἐχρῶντο.</em></strong></span> <span class='ocrx_word' id='word_1_199' title='bbox 417 3343 464 3409; x_wconf 79' lang='lat' dir='ltr'><strong><em>Of.</em></strong></span> <span class='ocrx_word' id='word_1_200' title='bbox 485 3347 524 3408; x_wconf 83' lang='lat' dir='ltr'><em>A</em></span> <span class='ocrx_word' id='word_1_201' title='bbox 545 3348 593 3412; x_wconf 92' lang='grc'><strong><em>32.</em></strong></span> <span class='ocrx_word' id='word_1_202' title='bbox 616 3348 664 3411; x_wconf 89' lang='grc'>38.</span> <span class='ocrx_word' id='word_1_203' title='bbox 687 3349 756 3412; x_wconf 86' lang='grc'>545.</span> <span class='ocrx_word' id='word_1_204' title='bbox 792 3344 837 3410; x_wconf 75' lang='lat' dir='ltr'><strong><em>Et</em></strong></span> <span class='ocrx_word' id='word_1_205' title='bbox 858 3339 969 3415; x_wconf 82' lang='grc' dir='ltr'>Ξ105</span> <span class='ocrx_word' id='word_1_206' title='bbox 991 3335 1024 3431; x_wconf 78' lang='grc' dir='ltr'><strong><em>(ἡ</em></strong></span> <span class='ocrx_word' id='word_1_207' title='bbox 1048 3341 1091 3426; x_wconf 89' lang='grc' dir='ltr'><strong><em>δ.)</em></strong></span> <span class='ocrx_word' id='word_1_208' title='bbox 1114 3337 1165 3408; x_wconf 85' lang='grc' dir='ltr'><strong><em>ὅτι</em></strong></span> <span class='ocrx_word' id='word_1_209' title='bbox 1185 3338 1304 3408; x_wconf 82' lang='grc' dir='ltr'><strong><em>καὶτὰ</em></strong></span> 
     </span>
     <span class='ocr_line' id='line_1_25' title="bbox 136 3443 1304 3538; baseline 0.003 -26"><span class='ocrx_word' id='word_1_210' title='bbox 136 3443 218 3538; x_wconf 81' lang='grc' dir='ltr'><strong><em>ξίφη</em></strong></span> <span class='ocrx_word' id='word_1_211' title='bbox 243 3445 300 3514; x_wconf 89' lang='grc' dir='ltr'><strong><em>καί</em></strong></span> <span class='ocrx_word' id='word_1_212' title='bbox 332 3446 392 3528; x_wconf 87' lang='grc' dir='ltr'><strong><em>τὰς</em></strong></span> <span class='ocrx_word' id='word_1_213' title='bbox 423 3443 570 3529; x_wconf 76' lang='grc' dir='ltr'><strong><em>ἀσπίδας</em></strong></span> <span class='ocrx_word' id='word_1_214' title='bbox 598 3447 635 3517; x_wconf 78' lang='grc' dir='ltr'><strong><em>ἐκ</em></strong></span> <span class='ocrx_word' id='word_1_215' title='bbox 659 3443 857 3534; x_wconf 76' lang='grc' dir='ltr'><strong><em>τελαμώνων</em></strong></span> <span class='ocrx_word' id='word_1_216' title='bbox 882 3445 1045 3538; x_wconf 79' lang='grc' dir='ltr'><strong><em>ἀνῆπτον·</em></strong></span> <span class='ocrx_word' id='word_1_217' title='bbox 1084 3447 1139 3517; x_wconf 87' lang='grc' dir='ltr'><strong><em>διὸ</em></strong></span> <span class='ocrx_word' id='word_1_218' title='bbox 1168 3443 1238 3517; x_wconf 78' lang='grc' dir='ltr'><strong><em>δύο.</em></strong></span> <span class='ocrx_word' id='word_1_219' title='bbox 1264 3491 1304 3502; x_wconf 92' lang='grc'>-</span> 
     </span>
     <span class='ocr_line' id='line_1_26' title="bbox 135 3551 1370 3646; baseline -0.002 -26"><span class='ocrx_word' id='word_1_220' title='bbox 135 3560 176 3620; x_wconf 90' lang='grc' dir='ltr'>Η</span> <span class='ocrx_word' id='word_1_221' title='bbox 187 3561 248 3625; x_wconf 88' lang='grc'><strong><em>238</em></strong></span> <span class='ocrx_word' id='word_1_222' title='bbox 263 3551 296 3644; x_wconf 76' lang='grc' dir='ltr'><strong><em>(ἡ</em></strong></span> <span class='ocrx_word' id='word_1_223' title='bbox 313 3554 354 3641; x_wconf 88' lang='grc' dir='ltr'><strong><em>δ.)</em></strong></span> <span class='ocrx_word' id='word_1_224' title='bbox 377 3552 429 3623; x_wconf 84' lang='grc' dir='ltr'><strong><em>ὅτι</em></strong></span> <span class='ocrx_word' id='word_1_225' title='bbox 443 3555 504 3646; x_wconf 79' lang='grc' dir='ltr'><strong><em>τὴν</em></strong></span> <span class='ocrx_word' id='word_1_226' title='bbox 518 3551 647 3624; x_wconf 85' lang='grc' dir='ltr'><strong><em>ἀσπίδα</em></strong></span> <span class='ocrx_word' id='word_1_227' title='bbox 666 3557 766 3646; x_wconf 65' lang='grc' dir='ltr'><strong><em>ξηρὰν</em></strong></span> <span class='ocrx_word' id='word_1_228' title='bbox 787 3556 877 3644; x_wconf 78' lang='grc' dir='ltr'><strong><em>λέγει</em></strong></span> <span class='ocrx_word' id='word_1_229' title='bbox 897 3561 966 3641; x_wconf 80' lang='grc' dir='ltr'><strong><em>βῶν</em></strong></span> <span class='ocrx_word' id='word_1_230' title='bbox 985 3556 1043 3624; x_wconf 88' lang='grc' dir='ltr'><strong><em>διὰ</em></strong></span> <span class='ocrx_word' id='word_1_231' title='bbox 1063 3556 1102 3625; x_wconf 90' lang='grc' dir='ltr'><strong><em>τδ</em></strong></span> <span class='ocrx_word' id='word_1_232' title='bbox 1124 3555 1161 3626; x_wconf 76' lang='grc' dir='ltr'><strong><em>ἐκ</em></strong></span> <span class='ocrx_word' id='word_1_233' title='bbox 1182 3554 1303 3643; x_wconf 81' lang='grc' dir='ltr'><strong><em>βοείων</em></strong></span> <span class='ocrx_word' id='word_1_234' title='bbox 1322 3568 1370 3619; x_wconf 84' lang='grc'><strong><em>194</em></strong></span> 
     </span>
     <span class='ocr_line' id='line_1_27' title="bbox 136 3647 1305 3751; baseline 0.002 -23"><span class='ocrx_word' id='word_1_235' title='bbox 136 3652 224 3728; x_wconf 81' lang='grc' dir='ltr'><strong><em>εἶναι</em></strong></span> <span class='ocrx_word' id='word_1_236' title='bbox 246 3647 432 3747; x_wconf 74' lang='grc' dir='ltr'><strong><em>δερμάτων.Ι</em></strong></span> <span class='ocrx_word' id='word_1_237' title='bbox 467 3666 513 3732; x_wconf 77' lang='lat' dir='ltr'><strong><em>Of.</em></strong></span> <span class='ocrx_word' id='word_1_238' title='bbox 535 3671 580 3732; x_wconf 89' lang='lat' dir='ltr'><strong><em>M</em></strong></span> <span class='ocrx_word' id='word_1_239' title='bbox 597 3675 665 3737; x_wconf 86' lang='grc'>105.</span> <span class='ocrx_word' id='word_1_240' title='bbox 691 3672 758 3736; x_wconf 87' lang='grc'>137.</span> <span class='ocrx_word' id='word_1_241' title='bbox 794 3667 847 3733; x_wconf 79' lang='lat' dir='ltr'><strong><em>Ad</em></strong></span> <span class='ocrx_word' id='word_1_242' title='bbox 867 3669 906 3730; x_wconf 87' lang='lat' dir='ltr'><strong><em>H</em></strong></span> <span class='ocrx_word' id='word_1_243' title='bbox 924 3672 985 3736; x_wconf 90' lang='grc'><strong><em>636</em></strong></span> <span class='ocrx_word' id='word_1_244' title='bbox 1011 3665 1136 3747; x_wconf 80' lang='grc' dir='ltr'><strong><em>χαλκοῖ</em></strong></span> <span class='ocrx_word' id='word_1_245' title='bbox 1156 3650 1192 3732; x_wconf 86' lang='grc' dir='ltr'><strong><em>τε</em></strong></span> <span class='ocrx_word' id='word_1_246' title='bbox 1212 3669 1305 3751; x_wconf 79' lang='grc' dir='ltr'><strong><em>ῥινοῦ</em></strong></span> 
     </span>
     <span class='ocr_line' id='line_1_28' title="bbox 134 3765 1305 3862; baseline 0.003 -27"><span class='ocrx_word' id='word_1_247' title='bbox 134 3794 171 3836; x_wconf 89' lang='grc' dir='ltr'><strong><em>τε</em></strong></span> <span class='ocrx_word' id='word_1_248' title='bbox 188 3773 279 3853; x_wconf 78' lang='grc' dir='ltr'><strong><em>βοῶν</em></strong></span> <span class='ocrx_word' id='word_1_249' title='bbox 295 3765 322 3835; x_wconf 85' lang='grc' dir='ltr'><strong><em>τ’</em></strong></span> <span class='ocrx_word' id='word_1_250' title='bbox 340 3765 562 3860; x_wconf 74' lang='grc' dir='ltr'><strong><em>εὖποιητάωνε</em></strong></span> <span class='ocrx_word' id='word_1_251' title='bbox 584 3769 616 3860; x_wconf 76' lang='grc' dir='ltr'><strong><em>(ἡ</em></strong></span> <span class='ocrx_word' id='word_1_252' title='bbox 634 3775 676 3860; x_wconf 86' lang='grc' dir='ltr'><strong><em>δ.)</em></strong></span> <span class='ocrx_word' id='word_1_253' title='bbox 692 3770 745 3840; x_wconf 85' lang='grc' dir='ltr'><strong><em>δτι</em></strong></span> <span class='ocrx_word' id='word_1_254' title='bbox 764 3769 938 3860; x_wconf 85' lang='grc' dir='ltr'><strong><em>προειπῶν</em></strong></span> <span class='ocrx_word' id='word_1_255' title='bbox 959 3777 1051 3862; x_wconf 79' lang='grc' dir='ltr'><strong><em>ῥινοῦ</em></strong></span> <span class='ocrx_word' id='word_1_256' title='bbox 1071 3797 1107 3839; x_wconf 88' lang='grc' dir='ltr'><strong><em>τε</em></strong></span> <span class='ocrx_word' id='word_1_257' title='bbox 1127 3769 1173 3852; x_wconf 88' lang='grc' dir='ltr'><strong><em>ῶς</em></strong></span> <span class='ocrx_word' id='word_1_258' title='bbox 1194 3768 1305 3860; x_wconf 74' lang='grc' dir='ltr'><strong><em>ἕτερόν</em></strong></span> 
     </span>
     <span class='ocr_line' id='line_1_29' title="bbox 134 3870 1306 3972; baseline 0.003 -28"><span class='ocrx_word' id='word_1_259' title='bbox 134 3903 169 3944; x_wconf 91' lang='grc' dir='ltr'><strong><em>τι</em></strong></span> <span class='ocrx_word' id='word_1_260' title='bbox 196 3872 362 3966; x_wconf 83' lang='grc' dir='ltr'><strong><em>διάφορον</em></strong></span> <span class='ocrx_word' id='word_1_261' title='bbox 388 3876 571 3963; x_wconf 88' lang='grc' dir='ltr'><strong><em>συμπλέκει</em></strong></span> <span class='ocrx_word' id='word_1_262' title='bbox 599 3882 689 3965; x_wconf 82' lang='grc' dir='ltr'><strong><em>βοῶν</em></strong></span> <span class='ocrx_word' id='word_1_263' title='bbox 713 3870 763 3947; x_wconf 75' lang='grc' dir='ltr'><strong><em>τε·</em></strong></span> <span class='ocrx_word' id='word_1_264' title='bbox 798 3879 856 3947; x_wconf 82' lang='grc' dir='ltr'><strong><em>καί</em></strong></span> <span class='ocrx_word' id='word_1_265' title='bbox 886 3873 963 3968; x_wconf 71' lang='grc' dir='ltr'><strong><em>ἤτοι</em></strong></span> <span class='ocrx_word' id='word_1_266' title='bbox 991 3878 1029 3963; x_wconf 77' lang='grc' dir='ltr'><strong><em>ἐξ</em></strong></span> <span class='ocrx_word' id='word_1_267' title='bbox 1057 3875 1306 3972; x_wconf 78' lang='grc' dir='ltr'><strong><em>ἔπαναλήψεως</em></strong></span> 
     </span>
     <span class='ocr_line' id='line_1_30' title="bbox 135 3981 1305 4075; baseline 0.003 -25"><span class='ocrx_word' id='word_1_268' title='bbox 135 3981 272 4073; x_wconf 80' lang='grc' dir='ltr'><strong><em>νοητέον</em></strong></span> <span class='ocrx_word' id='word_1_269' title='bbox 286 3982 447 4071; x_wconf 70' lang='grc' dir='ltr'><strong><em>λέγεσθαι</em></strong></span> <span class='ocrx_word' id='word_1_270' title='bbox 467 3985 506 4053; x_wconf 90' lang='grc' dir='ltr'><strong><em>τὸ</em></strong></span> <span class='ocrx_word' id='word_1_271' title='bbox 528 3982 619 4067; x_wconf 82' lang='grc' dir='ltr'><strong><em>αὐτό,</em></strong></span> <span class='ocrx_word' id='word_1_272' title='bbox 642 3982 688 4066; x_wconf 85' lang='grc' dir='ltr'><strong><em>ῶς</em></strong></span> <span class='ocrx_word' id='word_1_273' title='bbox 708 3986 850 4074; x_wconf 72' lang='grc' dir='ltr'><strong><em>,μινκνοί</em></strong></span> <span class='ocrx_word' id='word_1_274' title='bbox 869 3985 927 4056; x_wconf 85' lang='grc' dir='ltr'><strong><em>καί</em></strong></span> <span class='ocrx_word' id='word_1_275' title='bbox 946 3985 1102 4074; x_wconf 59' lang='grc' dir='ltr'><strong><em>θαμέεςῑῑ</em></strong></span> <span class='ocrx_word' id='word_1_276' title='bbox 1124 3994 1160 4074; x_wconf 88' lang='grc' dir='ltr'><strong><em>(μ</em></strong></span> <span class='ocrx_word' id='word_1_277' title='bbox 1174 3991 1226 4075; x_wconf 87' lang='grc'><strong><em>92)</em></strong></span> <span class='ocrx_word' id='word_1_278' title='bbox 1249 3987 1305 4055; x_wconf 81' lang='grc' dir='ltr'><strong><em>καί</em></strong></span> 
     </span>
    </p>
   </div>
   <div class='ocr_carea' id='block_1_10' title="bbox 137 4142 346 4152">
    <p class='ocr_par' dir='ltr' id='par_1_10' title="bbox 137 4142 346 4152">
     <span class='ocr_line' id='line_1_31' title="bbox 137 4142 346 4152; baseline -0.005 0"><span class='ocrx_word' id='word_1_279' title='bbox 137 4142 346 4152; x_wconf 76' lang='grc' dir='ltr'><strong><em>ι--ι----</em></strong></span> 
     </span>
    </p>
   </div>
   <div class='ocr_carea' id='block_1_11' title="bbox 135 4211 1303 4461">
    <p class='ocr_par' dir='ltr' id='par_1_11' title="bbox 135 4211 1303 4461">
     <span class='ocr_line' id='line_1_32' title="bbox 204 4211 1303 4298; baseline 0.004 -22"><span class='ocrx_word' id='word_1_280' title='bbox 204 4223 260 4266; x_wconf 71' lang='lat'>¹¹¹⁵</span> <span class='ocrx_word' id='word_1_281' title='bbox 279 4222 385 4293; x_wconf 79' lang='grc' dir='ltr'><strong><em>&lt;,,Ηαεο</em></strong></span> <span class='ocrx_word' id='word_1_282' title='bbox 405 4220 443 4276; x_wconf 81' lang='lat' dir='ltr'><strong><em>sic</em></strong></span> <span class='ocrx_word' id='word_1_283' title='bbox 466 4219 640 4276; x_wconf 75' lang='lat' dir='ltr'>emendanda</span> <span class='ocrx_word' id='word_1_284' title='bbox 662 4211 721 4277; x_wconf 61' lang='lat' dir='ltr'><strong>es&#39;se</strong></span> <span class='ocrx_word' id='word_1_285' title='bbox 742 4220 884 4279; x_wconf 76' lang='lat' dir='ltr'><strong>videntur:</strong></span> <span class='ocrx_word' id='word_1_286' title='bbox 912 4224 962 4279; x_wconf 82' lang='grc' dir='ltr'><strong><em>καὶ</em></strong></span> <span class='ocrx_word' id='word_1_287' title='bbox 984 4215 1021 4281; x_wconf 87' lang='grc' dir='ltr'><strong><em>τά</em></strong></span> <span class='ocrx_word' id='word_1_288' title='bbox 1042 4216 1121 4298; x_wconf 83' lang='grc' dir='ltr'><strong><em>φάρη</em></strong></span> <span class='ocrx_word' id='word_1_289' title='bbox 1147 4214 1187 4290; x_wconf 86' lang='grc' dir='ltr'><strong><em>ῶς</em></strong></span> <span class='ocrx_word' id='word_1_290' title='bbox 1204 4220 1303 4295; x_wconf 79' lang='grc' dir='ltr'><strong><em>διαφέ-</em></strong></span> 
     </span>
     <span class='ocr_line' id='line_1_33' title="bbox 137 4298 1303 4380; baseline -0.001 -17"><span class='ocrx_word' id='word_1_291' title='bbox 137 4324 229 4378; x_wconf 90' lang='grc' dir='ltr'><strong><em>ροντα</em></strong></span> <span class='ocrx_word' id='word_1_292' title='bbox 246 4309 281 4379; x_wconf 88' lang='lat' dir='ltr'><strong><em>(v.</em></strong></span> <span class='ocrx_word' id='word_1_293' title='bbox 299 4307 354 4362; x_wconf 85' lang='lat' dir='ltr'><strong>sch.</strong></span> <span class='ocrx_word' id='word_1_294' title='bbox 373 4305 449 4359; x_wconf 87' lang='lat' dir='ltr'><strong><em>ABM</em></strong></span> <span class='ocrx_word' id='word_1_295' title='bbox 469 4305 548 4360; x_wconf 84' lang='lat' dir='ltr'>adh.</span> <span class='ocrx_word' id='word_1_296' title='bbox 566 4306 611 4377; x_wconf 82' lang='lat' dir='ltr'><strong>v.)‚</strong></span> <span class='ocrx_word' id='word_1_297' title='bbox 630 4304 657 4362; x_wconf 83' lang='grc' dir='ltr'><strong><em>εἰ</em></strong></span> <span class='ocrx_word' id='word_1_298' title='bbox 673 4309 724 4362; x_wconf 72' lang='grc' dir='ltr'><strong><em>καὶ</em></strong></span> <span class='ocrx_word' id='word_1_299' title='bbox 741 4301 867 4376; x_wconf 84' lang='grc' dir='ltr'><strong><em>ἀλλαχοῦ</em></strong></span> <span class='ocrx_word' id='word_1_300' title='bbox 883 4304 936 4364; x_wconf 84' lang='grc' dir='ltr'><strong><em>τὸν</em></strong></span> <span class='ocrx_word' id='word_1_301' title='bbox 954 4304 1067 4364; x_wconf 82' lang='grc' dir='ltr'><strong><em>πέπλον</em></strong></span> <span class='ocrx_word' id='word_1_302' title='bbox 1085 4298 1179 4374; x_wconf 77' lang='grc' dir='ltr'><strong><em>οίιος</em></strong></span> <span class='ocrx_word' id='word_1_303' title='bbox 1195 4323 1303 4380; x_wconf 83' lang='grc' dir='ltr'><strong><em>προση-</em></strong></span> 
     </span>
     <span class='ocr_line' id='line_1_34' title="bbox 135 4384 663 4461; baseline -0.002 -15"><span class='ocrx_word' id='word_1_304' title='bbox 135 4384 304 4461; x_wconf 82' lang='grc' dir='ltr'><strong><em>γόρευσεν.“</em></strong></span> <span class='ocrx_word' id='word_1_305' title='bbox 332 4389 529 4447; x_wconf 73' lang='grc' dir='ltr'><strong><em>λἰἰεῶεοοδετ</em></strong></span> <span class='ocrx_word' id='word_1_306' title='bbox 545 4409 572 4460; x_wconf 89' lang='lat' dir='ltr'><strong><em>p.</em></strong></span> <span class='ocrx_word' id='word_1_307' title='bbox 591 4392 663 4460; x_wconf 76' lang='grc'>346.)</span> 
     </span>
    </p>
   </div>
   <div class='ocr_carea' id='block_1_12' title="bbox 0 0 1508 4980">
    <p class='ocr_par' dir='ltr' id='par_1_12' title="bbox 0 0 1508 4980">
     <span class='ocr_line' id='line_1_35' title="bbox 0 0 1508 4980; baseline 0 0"><span class='ocrx_word' id='word_1_308' title='bbox 0 0 1508 4980; x_wconf 95' lang='lat' dir='ltr'><strong><em> </em></strong></span> 
     </span>
    </p>
   </div>
  </div>
 </body>
</html>
