3008 4980
587 368 609 418 1.
633 361 673 418 De
691 363 869 419 athetasibus.
1247 368 1307 430 335

223 530 390 616 Cognosce
419 530 564 595 criticum
590 531 641 605 vel
670 533 704 597 in
730 554 836 597 errore
861 529 1064 595 laudabilem.
1107 528 1223 595 Sensui
1249 552 1307 594 suo

136 659 319 723 repugnare
339 661 405 704 non
425 643 547 723 potest,
569 640 624 704 sed
646 662 718 704 cum
741 639 936 705 extrinsecus
956 635 1044 701 videt
1066 635 1198 719 aliquod
1219 658 1308 701 acce·

138 745 214 809 dere
240 749 440 811 momentum
466 749 596 830 paratus
625 751 674 812 est
703 748 823 812 cedere.
864 744 1033 810 Pertinent
1061 745 1173 809 eodem
1198 765 1308 808 versus

136 854 332 920 1458—461
355 853 389 917 in
407 853 577 919 Phoenicis
599 854 796 919 narratione:
816 848 874 917 τὸν
895 846 956 933 μέν
976 846 1039 934 syo
1061 842 1226 932 βούλευσα
1248 875 1309 915 κα-

135 952 304 1040 τακτάμεν
325 952 399 1038 ὀξέϊ
414 959 527 1046 χαλκῷ
549 965 630 1041 cett.‚
652 963 691 1026 de
713 961 831 1045 quibus
845 961 930 1025 Plut.
951 960 1023 1024 aud.
1038 981 1068 1043 p.
1082 981 1113 1043 p.
1129 957 1189 1026 2θῖ
1209 953 1226 1022 ὁ
1249 954 1309 1040 μὲν

139 1055 196 1130 σόν
219 1058 432 1150 Ἀρίσταρχος
458 1065 560 1148 ἐξεῖλε
586 1072 689 1133 ταῦτα
716 1066 758 1132 τὰ
786 1063 850 1154 ἔπη
877 1061 1092 1155 φοβηθείςε
1122 1088 1165 1131 so.
1193 1067 1309 1130 timens

136 1174 310 1241 Phoenicis
324 1176 476 1255 moribus,
499 1178 554 1262 qui
569 1177 706 1243 Achillis
721 1177 930 1263 paedagogus
945 1175 1049 1241 factus
1065 1178 1122 1240 est.
1160 1173 1309 1240 Ceterum

138 1282 194 1368 qui
208 1282 261 1348 vel
273 1269 381 1349 ⁴obiter
401 1285 570 1350 historiam
590 1284 865 1369 interpretationis
879 1283 1070 1350 Homericae
1092 1283 1210 1368 tetigit,
1232 1301 1308 1364 cog·

138 1391 244 1455 nitum
258 1390 357 1456 habet
371 1390 494 1456 nullam
508 1392 574 1458 fere
597 1396 735 1458 aetatem
755 1392 854 1458 fuisse
871 1392 949 1477 quin
970 1413 1090 1477 magna
1110 1412 1184 1475 pars
1205 1389 1308 1455 homi·

139 1520 230 1578 num,
253 1499 420 1564 doctorum
442 1503 543 1580 certe,
566 1499 813 1567 Homerioorum
832 1522 958 1565 morum
981 1497 1185 1583 simplicitate
1209 1496 1309 1562 offen-

140 1605 285 1684 deretur3
307 1629 365 1692 per
378 1605 536 1672 Wolfium
558 1608 686 1674 demum
708 1613 741 1674 et
759 1608 913 1675 Vossium
934 1605 1102 1692 paullatim
1122 1605 1175 1669 hio
1197 1626 1309 1669 sensus

139 1713 212 1777 acui
227 1716 360 1798 coeptus
376 1718 495 1779 etcum
514 1714 660 1799 pluribus
682 1717 942 1781 communicatus.
977 1713 1056 1779 Illos
1066 1735 1152 1782 'vero
1167 1712 1309 1778 Alexan·

140 1820 251 1886 drinos
282 1824 314 1886 et
342 1821 433 1886 aulae
459 1821 586 1886 luxuria
607 1823 776 1889 affluentes
798 1828 831 1889 et
851 1822 1118 1908 philosophorum
1140 1821 1309 1886 severitate

140 1929 442 2013 circumstrepentes
469 1930 503 1993 in
524 1929 635 1995 multis
658 1930 827 1996 offendisse
848 1931 928 1996 mihi
950 1934 1200 1996 consentaneum
1221 1928 1310 1993 vide·

139 2031 256 2103 rur²⁴²2
294 2059 322 2102 v.
345 2036 399 2100 Ar.
420 2037 573 2102 iudicium
596 2038 634 2104 de
657 2037 810 2123 Apolline
832 2037 1001 2106 Smintheo
1022 2061 1053 2124 p.
1079 2045 1145 2106 177.

140 2301 194 2357 τὸν
211 2293 349 2358 Ὀδυσσέα
371 2305 539 2375 θεασαμένη
564 2308 616 2362 καὶ
641 2308 782 2363 παθοῦσα
809 2307 843 2362 τὸ
866 2310 915 2376 τῆς
936 2308 1095 2377 Καλυψοῦς
1117 2304 1215 2370 πάθος
1237 2305 1311 2377 πρὸς

141 2383 231 2442 αὐτόν
248 2381 301 2442 tlte
320 2389 353 2457 δη
370 2392 510 2459 τρυφῶσα
527 2391 578 2445 καὶ
594 2389 697 2459 γάμων
714 2378 795 2463 ιόραν
812 2386 919 2460 ἐχουσα
936 2395 1059 2446 τοιαῦτα
1077 2385 1219 2462 μωραίνει
1237 2383 1312 2461 πρός

139 2464 434 2542 τάςῖθερατταινὶδας·
452 2471 500 2539 „ol
518 2467 577 2544 γάρ
588 2469 658 2542 ἐμεῦ
670 2470 788 2530 τοιόσδε
800 2468 903 2538 πόσις“
922 2515 981 2538 ...,
1000 2472 1129 2544 ψεκτέον
1146 2467 1182 2529 τό
1199 2473 1312 2545 θράσος

142 2553 229 2625 αὐτῆς
240 2557 290 2611 καὶ
302 2559 354 2626 τὴν
366 2550 538 2613 ἀκολασίαν·
559 2556 586 2614 εἰ
596 2556 629 2613 δέ
642 2565 705 2623 τοῖς
720 2555 821 2628 λόχοις
837 2562 891 2614 τοῦ
908 2549 1016 2632 άνδρός
1033 2553 1068 2614 τό
1085 2548 1159 2627 ἦθος
1175 2553 1312 2613 ἐνιδοῦσα

138 2641 189 2695 καὶ
200 2640 378 2707 θαυμάσασα
390 2643 442 2711 τὴν
460 2635 591 2707 ἔντευξιν
608 2634 698 2698 αὐτοῦ
715 2640 807 2697 πολὺν
824 2647 895 2698 νοῦν
912 2639 1037 2712 ἐχουσαν
1054 2633 1168 2711 εὔχεται
1185 2641 1310 2714 τοιούτῳ

140 2728 288 2778 συνοικεῖν
309 2726 420 2792 μᾶλλον
440 2717 458 2795 ἢ
478 2729 615 2800 πλωτικῷ
637 2745 693 2782 τινι
716 2729 766 2782 καὶ
788 2725 956 2800 ὀρχηστικῷ
980 2729 1041 2782 τῶν
1062 2726 1206 2794 πολιτῶν,
1227 2718 1312 2789 aaa

140 2799 278 2874 ἄγασθαι.
307 2807 397 2866 Schol.
409 2808 510 2879 aliquis
521 2811 558 2865 ad
569 2811 596 2864 h.
608 2810 627 2868 l.
641 2803 770 2880 Ἔφορος
781 2807 899 2867 ἐπαινεῖ
907 2805 961 2866 τόν
972 2798 1062 2881 λόχον
1080 2799 1120 2874 ὥς
1137 2807 1169 2875 ἐξ
1188 2808 1313 2878 εὐφυοῦς

139 2887 214 2962 πρὸς
231 2890 339 2963 άρετην
359 2898 461 2965 φυχῆς·
489 2889 548 2964 ἐγώ
570 2894 603 2950 δέ
626 2898 714 2949 τοῦτο
739 2888 813 2965 πρός
830 2891 865 2951 τό
884 2891 1073 2967 ἁβροδίαιτον
1091 2897 1152 2950 τῶν
1170 2892 1310 2949 Φαιάκων

141 2971 255 3043 δίδωμι.
273 3006 307 3016 -
325 2995 350 3033 v.
368 2976 442 3032 Seru.
462 2978 531 3036 Aen.
549 2979 600 3034 VH
618 2983 675 3034 268.

206 3060 246 3101 242
264 3060 326 3116 Huc
337 3071 399 3117 'non
416 3063 548 3133 pertinet,
567 3063 642 3132 quod
658 3062 819 3129 Athenaeus
836 3063 871 3119 de
883 3063 1067 3120 Eratosthene
1084 3062 1176 3128 habet,
1192 3061 1244 3132 lp.
1259 3061 1309 3118 lod

141 3135 356 3209 άπολαυστικός
372 3143 405 3202 δέ
423 3144 486 3202 ἐστι
498 3140 568 3219 παρ’
584 3145 663 3220 αὐτῷ
679 3148 813 3220 (Ὁμήρῳ)
831 3151 881 3204 καὶ
900 3141 915 3203 ό
932 3152 993 3203 τοῦν
1010 3147 1150 3204 Φαιάκων
1165 3143 1241 3218 βίος·

242 3225 350 3300 οὐγὰρ
370 3223 464 3300 έγωχέ
480 3234 509 3286 τέ
526 3251 598 3302 φημι
617 3231 701 3296 τέλος
715 3231 909 3305 χαριέστερον
927 3225 1001 3288 εἶναι

241 3306 258 3382 ἢ
277 3304 320 3367 ὅτ’
337 3307 373 3367 ἂν
390 3313 554 3386 εῦφροσῦνη
570 3315 626 3384 μέν
643 3312 694 3386 ἐχη
712 3311 789 3371 κατὰ
807 3318 899 3387 δῆμον
916 3309 1040 3381 ἅπαντα,
1320 3319 1391 3390 (356)

242 3391 414 3464 δαιτυμόνες
430 3390 458 3451 δ’
476 3391 531 3454 άνά
547 3392 656 3468 δώματ’
674 3392 876 3468 άκουάζωνται
894 3394 996 3456 άοιδοῦ
1015 3404 1037 3470 (ι
1055 3402 1089 3471 5),

141 3474 159 3535 ά
178 3474 232 3550 έπη
249 3470 460 3552 Ἐρατοσθένης
478 3472 568 3539 citro
586 3485 662 3539 δεῖν
679 3483 883 3555 γεγράφθαι
900 3485 1017 3555 φησίν·

243 3562 277 3619 οῦ
294 3558 350 3637 γάρ
370 3560 464 3636 έχωχέ
481 3570 510 3622 τέ
527 3587 599 3638 φημι
616 3565 702 3632 τέλος
716 3568 911 3642 χαριέστερον
928 3562 1003 3625 εἶναι
1327 3586 1373 3636 341

243 3641 348 3718 ἢόταν
366 3643 529 3723 εὐφροσύνη
546 3650 601 3720 μέν
618 3645 670 3721 ἔχη
686 3647 883 3723 κακότητος
901 3645 1068 3723 άποόσης,

245 3725 416 3800 δαιτυμόνες
434 3727 461 3789 δ’
482 3728 536 3791 άνά
554 3738 578 3791 δ.

141 3815 196 3870 Hic
214 3833 272 3871 non
287 3819 501 3886 grammaticum
518 3821 646 3876 audimus
663 3822 712 3876 sed
729 3820 939 3893 philosophum,
963 3823 1140 3893 pertinetque
1158 3824 1211 3879 hoo
1228 3825 1265 3878 ad
1282 3823 1312 3877 id

141 3917 239 3968 genus,
262 3900 297 3955 de
321 3918 375 3969 quo
392 3903 466 3961 Plut.
484 3905 548 3959 aud.
566 3908 639 3975 poet.
660 3911 711 3963 33ο
735 3903 808 3963 ὅθεν
826 3900 890 3962 οὐδ’
908 3904 939 3962 αἱ
960 3901 1220 3979 παραδιορθώσεις
1238 3900 1312 3978 φαό-

141 3988 199 4048 λως
216 3981 339 4054 ἔχουσιν,
358 3978 404 4052 αἶς
416 3989 467 4043 καὶ
475 3990 628 4060 Κλεάνθης
645 3988 790 4062 ἐχρήσατο
809 3993 860 4047 καὶ
870 3983 1061 4062 Ἀντισθένης,
1081 3984 1168 4061 ὃμὲν
1186 3983 1218 4048 εὖ
1235 3985 1312 4061 μάλα

141 4064 211 4131 τοῦς
224 4059 390 4138 Ἀθηναδους
407 4067 480 4126 ἰδών
496 4075 721 4146 θορυβήσαντας
736 4074 771 4132 έν
787 4080 830 4149 τῷ
846 4072 966 4149 θεάτρῳ

242 4155 271 4207 τδ
288 4147 318 4207 δ’
334 4149 464 4226 αἰσχρόν,
482 4148 516 4225 ἢν
533 4153 572 4227 μὴ
588 4164 666 4214 τοῖσι
681 4160 848 4230 χρωμένοις
865 4163 955 4231 δοκῇ,·

140 4229 335 4308 παραβάλλων
352 4230 439 4304 εὐθὺς

244 4318 366 4394 αἰσχρόν
383 4320 418 4380 τό
436 4318 462 4395 γ’
480 4321 610 4397 αἰσχρόν,
627 4324 683 4385 κάν
700 4332 775 4400 δοκῇ
791 4324 847 4386 κάν
862 4327 903 4403 μὴ
921 4335 1002 4402 δοκῇ.

144 4403 160 4460 δ
179 4402 213 4460 δέ
229 4402 381 4479 Κλεάνθης
397 4412 465 4481 περὶ
483 4414 536 4466 τοῦ
552 4405 680 4469 πλούτου
