3008 4980
422 308 444 360 3.
469 303 511 358 De
528 303 627 374 spiritu
645 303 845 360 vocabulorum
862 290 1019 374 principali.
1249 312 1308 375 327

138 475 234 557 (quae
256 473 315 537 sub
337 472 421 538 hanc
448 473 632 559 generalem
653 472 800 559 regulam
826 495 892 538 non
914 474 1034 538 cadunt
1054 473 1107 537 hio
1129 472 1256 550 omissa,
1278 495 1306 536 v.

135 580 196 646 lex.
212 581 285 664 spir.
307 584 385 665 post
398 580 549 647 Ammon.
571 604 602 665 p.
621 583 703 663 211).
739 579 785 645 Of.
800 580 951 664 Apollon.
968 583 1030 647 lex.
1053 581 1100 666 (p.
1119 586 1168 658 42,
1183 586 1222 648 20
1238 580 1308 665 Βε.>

138 683 237 774 ἄρσεν
250 682 407 774 ἥρμοσεν,
432 686 488 752 καὶ
503 683 661 773 ἄρσαντες
676 681 843 771 ἁρμοστὸν
863 681 1076 775 ποιήσαντες·
1097 679 1128 752 εἰ
1146 684 1182 752 δὲ
1203 687 1312 776 ψιλῶς

138 788 347 878 ἄναμνῶμεν,
374 790 528 882 σημαίνει
553 793 590 860 τὸ
620 789 758 877 ἄρεστὸν
785 787 1055 881 καταστήσαντες.
1077 795 1174 861 -In
1195 789 1310 884 ἑάφθη

139 905 198 988 (sie
221 903 287 987 Ar.)
312 903 351 967 de
375 904 490 988 spiritu
511 926 578 971 non
599 904 725 969 videtur
748 904 929 969 dubitatum
951 925 1032 981 esse,
1056 903 1113 968 sed
1134 904 1172 968 de
1196 907 1312 990 etymo,

136 1012 259 1077 Herod.
283 1013 318 1074 N
338 1014 409 1077 543.
451 1011 553 1075 Duxit
577 1010 783 1076 Aristarchus
810 1010 850 1075 ab
879 1007 1019 1092 ἄντομαι,
1049 1033 1113 1096 quo
1141 1015 1226 1076 certe
1250 1035 1309 1077 neo

135 1119 339 1184 Buttmanno
363 1117 506 1184 invenire
526 1118 664 1205 contigit
689 1118 903 1203 probabilius,
927 1118 988 1183 lex.
1019 1117 1051 1183 ll
1080 1126 1148 1188 140.
1167 1156 1207 1167 —-
1228 1118 1311 1184 Item

136 1221 246 1309 ἐῶμεν
268 1229 391 1290 certum
413 1230 547 1311 propter
568 1221 645 1290 ἐπεί
661 1218 689 1306 χ’
715 1219 834 1309 ἐῶμεν,
857 1226 976 1292 Herod.
1002 1230 1034 1287 T
1051 1231 1111 1294 402
1133 1226 1160 1308 (0
1177 1230 1213 1288 Ν
1226 1227 1308 1310 315).

135 1373 176 1382 -
197 1332 267 1399 Nee
291 1332 503 1399 dubitandum
525 1336 563 1400 de
586 1327 634 1411 ἑέ,
663 1334 782 1400 Herod.
805 1335 836 1398 Ω
861 1339 928 1401 134.
957 1371 993 1381 -
1020 1331 1090 1398 Nee
1112 1334 1151 1398 de
1178 1326 1309 1416 ἄμοδιςι

136 1463 331 1526 quamquam
345 1439 455 1506 Nicias
471 1445 504 1506 et
517 1441 704 1526 Pamphilus
726 1440 909 1506 maluerunt
931 1436 1052 1522 ἄμυδις
1072 1444 1205 1526 propter
1226 1435 1310 1523 ἄμας

135 1548 341 1614 Ptolemaeus
364 1551 396 1613 et
410 1547 614 1614 Herodianus
636 1554 704 1614 tum
727 1548 799 1614 aliis
821 1551 1019 1635 argumentis
1043 1549 1220 1614 defendunt
1240 1553 1310 1614 tum

135 1656 339 1722 Herodianus
360 1654 422 1720 hoo
442 1655 527 1721 loco:
549 1648 644 1718 πάντ’
664 1648 787 1738 ἄμυδις
807 1659 864 1740 (Μ
883 1660 965 1741 385).
999 1679 1027 1722 v.
1048 1656 1205 1722 Herodi
1224 1662 1252 1723 6.
1268 1694 1309 1702 -

137 1759 220 1849 ἄδην
249 1761 370 1845 (Nicias
398 1784 470 1827 eum
495 1763 572 1848 leni)
601 1764 728 1829 videtur
753 1763 852 1849 vulgo
882 1767 1047 1848 receptum
1072 1763 1185 1844 fuisse,
1212 1765 1309 1830 etiam

136 1873 223 1957 apud
243 1871 377 1949 Atticos,
399 1870 518 1936 Herod.
542 1873 572 1934 E
592 1877 662 1940 203.
696 1871 789 1937 Hust.
811 1895 841 1956 p.
860 1876 928 1951 178,
949 1877 999 1939 20.
1023 1909 1059 1918 -
1084 1865 1222 1956 ἁθρόος.
1259 1872 1309 1937 De

136 1980 198 2045 hoe
219 1979 265 2043 ita
285 1977 431 2062 loquitur
451 1977 655 2043 Herodianus
677 1981 722 2041 M
733 1984 792 2046 391
816 1978 867 2062 (ef.
887 1978 985 2044 schol.
1002 1973 1035 2047 Ξ
1046 1983 1099 2062 38)
1123 1978 1214 2064 quasi
1237 2002 1309 2045 eum

137 2086 299 2172 significat
320 2084 448 2152 crebros
470 2107 536 2151 non
557 2087 715 2152 scribatur
736 2085 838 2151 aliter.
873 2084 1025 2151 Formam
1043 2091 1129 2152 certe
1143 2086 1391 2162 Eustathii1347)

136 2193 336 2278 temporibus
365 2195 405 2274 (v.
427 2218 457 2279 p.
481 2195 573 2275 1386)
602 2194 667 2259 iam
696 2194 915 2261 oblitteratum
945 2194 1164 2280 compluribus
1186 2194 1309 2260 Demo-

137 2301 261 2367 sthenis
283 2303 316 2366 et
336 2299 481 2366 Platonis
502 2301 583 2366 loeis
605 2302 689 2366 eruit
709 2305 742 2368 et
762 2303 905 2369 restituit
924 2302 1102 2368 Bekkerus.
1125 2337 1164 2346 —-
1187 2295 1309 2366 ἀπτοε-

136 2403 200 2486 πές
217 2409 328 2476 Θ200.
365 2401 566 2490 ἑσπομένοιο
588 2412 623 2474 K
635 2416 705 2478 246.
742 2403 884 2474 ἔστασαν
905 2432 981 2487 aar„
1005 2405 1145 2473 ἕστασαν
1165 2409 1306 2494 plusqpf.
1326 2423 1374 2474 332

137 2515 202 2599 (eui
224 2515 321 2580 etiam
341 2514 546 2582 Ptolemaeus
568 2517 754 2601 assentitur)
777 2520 820 2581 M
840 2525 889 2584 55.
913 2504 1014 2582 ἄσσαι
1036 2508 1123 2580 ἄσσα
1144 2515 1198 2582 Et.
1218 2515 1262 2581 M.
1284 2539 1309 2582 s.

135 2646 165 2688 v.
180 2660 220 2669 —
235 2622 405 2708 Proprium
417 2614 565 2705 Ἰαμενός
579 2627 623 2687 M
636 2630 695 2693 193
712 2671 719 2702 ‚
724 2617 948 2710 ,Ἀρίσταρχος
964 2621 1078 2713 spelei·
1100 2617 1118 2687 ὁ
1142 2619 1179 2687 δὲ
1190 2616 1309 2688 Ἀσκα-

137 2724 275 2816 loviano
300 2722 414 2818 φησίν,
451 2725 510 2794 ἐὰν
537 2725 598 2813 μὲν
628 2723 699 2796 ἀπὸ
729 2733 789 2816 τῆς
818 2722 941 2808 ἰάσεως
965 2725 1151 2817 ψιλιοτέον,
1186 2726 1246 2794 ἐὰν
1272 2727 1308 2794 δὲ

136 2829 208 2903 ἀπὸ
229 2838 289 2922 τῆς
309 2829 416 2924 ὁρμῆς
431 2833 616 2908 δασυντέον.
651 2832 788 2922 ἄμεινον
803 2834 840 2902 δὲ
853 2832 1046 2923 προκρίνειν
1060 2835 1119 2925 τὴν
1131 2829 1307 2922 Ἀριστάρ-

134 2963 208 3025 χοο·
232 2937 328 3011 οὐδὲν
348 2941 408 3028 γάρ
432 2941 501 3012 ἐστι
523 2944 651 3012 κωλῦον
673 2944 732 3033 τὴν
754 2938 939 3031 ἄνᾶμνιοσιν
961 2939 1097 3011 odibili
