3008 4980
205 352 266 414 350
501 343 533 398 V.
555 341 597 396 De
615 340 720 396 criticis
736 340 891 397 Aristarchi
906 339 1071 398 rationibus.

203 512 369 595 scriptoris
388 511 460 575 loco
481 510 648 574 inventum
669 504 879 594 μεσοπέρδην
901 513 993 574 erant
1013 509 1070 594 qui
1091 507 1173 573 nihil
1193 505 1258 571 nisi
1275 526 1359 586 μεσο-

204 614 329 704 φέρδην
355 641 394 685 ex
420 622 527 683 vetere
552 617 732 683 litterature
759 640 828 683 esse
859 620 1025 702 putarent,
1048 615 1201 700 Hesych‚
1230 613 1360 693 Photius,

203 725 288 808 apud
303 748 400 809 quem
415 729 464 791 est
483 717 555 788 ἀντὶ
577 727 637 790 τοῦ
657 720 869 811 μεσοφέρδην
889 717 1120 810 μεμενηκότων
1139 724 1206 785 τῶν
1229 713 1359 806 άρχαίοιν

200 825 425 917 χαρακτήρων.
460 832 520 899 Oui
534 855 575 898 an
593 835 679 900 recte
696 833 873 916 comparari
887 832 992 917 possit
1007 831 1095 916 quod
1108 829 1260 895 Eustath.
1274 827 1359 893 habet

202 962 231 1023 p.
257 944 348 1019 1687,
370 946 410 1008 52
435 938 492 1006 τὸν
520 934 680 1028 ἐφιάλτην
703 934 864 1025 ἐπιάλτην
883 937 969 1003 κατὰ
990 935 1144 1002 παλαιὰν
1165 933 1360 1022 παρασημεί-

201 1067 282 1112 ισσιν
306 1042 324 1114 ὁ
344 1039 502 1124 Ἀλκαῖος
522 1043 613 1130 λέγει
634 1048 778 1132 disputat
801 1046 895 1113 Giese
918 1048 957 1115 de
979 1046 1052 1113 dial.
1074 1046 1166 1114 Aeol.
1188 1069 1220 1130 p.
1242 1049 1311 1113 349.
1330 1079 1361 1091 -

202 1153 309 1221 Schol.
331 1155 441 1240 Eurip.
456 1155 578 1223 Phoen.
592 1161 653 1224 682
668 1154 740 1221 Hm.
757 1149 813 1219 σοι’
833 1177 885 1219 νιν
906 1149 1038 1239 ἐκγονοι
1059 1148 1187 1219 κτίσανε
1211 1146 1361 1238 γράφεται

201 1266 248 1348 cipi
264 1287 314 1327 νιν
334 1256 459 1349 ἐκγόνῳ
482 1258 606 1348 κτίσαν,
625 1256 665 1327 ἵν’
688 1253 771 1351 ήτῆί
794 1254 919 1349 ἐκγόνῳ
940 1282 1000 1329 σου
1021 1264 1070 1348 τῷ
1084 1255 1216 1347 Κάδμῳ
1239 1252 1275 1324 αἳ
1293 1254 1362 1323 θεαὶ

201 1363 334 1435 ἔκτισαν
359 1370 420 1448 τὰς
450 1367 574 1458 Θήβας.
622 1371 734 1454 γέγονε
762 1366 798 1435 δέ
830 1368 906 1457 περί
932 1368 993 1456 τήν
1023 1366 1155 1457 γραφήν
1181 1360 1361 1453 ἁμάρτημα·

202 1471 253 1543 ἐντ’
274 1472 432 1563 όίρχοντος
449 1476 511 1564 γὰρ
525 1472 707 1566 Ἀθήνῃσιν
720 1472 897 1544 Εὐκλείδου
911 1473 1016 1567 μήιτια
1035 1480 1101 1542 τῶν
1121 1466 1260 1562 μακρῶν
1281 1472 1362 1559 εὓρη-

200 1582 308 1669 μένων
323 1588 407 1672 (sict)
427 1590 499 1664 τοῖς
516 1582 673 1674 βραχέσιν
695 1580 768 1652 ἀντὶ
784 1588 921 1670 μακρῶν
942 1582 1094 1670 ἐχρῶντο,
1117 1586 1165 1671 τῷ
1187 1607 1204 1649 ε
1226 1575 1298 1648 ἀντὶ
1316 1581 1364 1645 τοῦ

201 1691 300 1780 ηκαὶ
324 1698 370 1781 τῷ
396 1717 415 1760 ο
442 1688 514 1760 ἀντὶ
538 1698 598 1761 τοῦ
620 1718 656 1761 αν.
698 1689 845 1782 ἔγραφον
873 1684 931 1760 οὖν
955 1692 994 1761 τὸ
1018 1689 1114 1782 δήμῳ
1137 1716 1155 1759 ο
1177 1689 1263 1775 μετὰ
1283 1693 1363 1756 coir

136 1818 185 1870 356
205 1796 318 1890 δῆμοι.
360 1800 405 1889 μή
434 1797 611 1890 νοήσαντες
640 1801 676 1868 δέ
707 1801 764 1869 καί
790 1801 937 1869 ἐνταῦθα
964 1798 1017 1870 ότι
1044 1798 1128 1867 κατὰ
1151 1797 1210 1887 τῆν
1236 1792 1364 1885 ἀρχαίαν

202 1909 334 1999 γραφήν
359 1901 401 1996 ῆν
428 1907 484 1975 καί
511 1911 562 1976 δεῖ
580 1914 808 1999 μετατεθῆναι
829 1910 867 1979 τὸ
891 1934 909 1977 ο
932 1904 979 1988 εἰς
998 1906 1037 1974 τὸ
1059 1932 1086 1973 αν
1105 1904 1194 1993 μέγα
1216 1903 1364 1992 ἐτάραξαν

200 2017 237 2084 τὸ
261 2011 389 2105 νοητόν.
415 2054 455 2064 -
481 2018 590 2086 Schol.
611 2019 696 2087 Vict.
712 2024 748 2083 H
770 2026 844 2102 238,
872 2018 1061 2103 ceteroquin
1087 2017 1216 2083 solitam
1245 2015 1365 2100 quidem

201 2127 419 2213 ignorantiam
446 2128 600 2212 prodens,
631 2128 670 2194 de
691 2131 772 2211 βοῦν
797 2133 831 2194 et
857 2129 940 2212 flcio:
974 2123 1010 2192 ἐν
1029 2127 1101 2202 τοῖς
1120 2124 1285 2201 παλαιοῖς
1303 2117 1366 2206 ἐγέ·

201 2256 329 2320 γρατττο
344 2237 415 2318 flor,
433 2231 516 2320 ὅπερ
532 2227 592 2301 οὐκ
607 2230 745 2322 ἐνόησαν
761 2231 794 2302 oi
808 2228 1006 2321 ὄιορθωταί.
1026 2233 1132 2301 Schol.
1149 2255 1171 2296 α
1185 2223 1366 2300 wilci-cr-

201 2364 258 2419 τος
285 2334 434 2429 θυγάτηρ
457 2335 678 2432 όλοόφρονοςε
699 2396 706 2409 .
727 2397 760 2415 ..
783 2337 806 2432 ῆ
827 2340 1009 2429 ἐγέγραπτο
1035 2338 1120 2406 κατὰ
1146 2338 1208 2427 τῆν
1235 2333 1367 2424 ἀρχαίαν

202 2443 348 2539 γραφήν,
379 2440 450 2515 εἶτά
470 2475 521 2529 τις
540 2450 587 2539 μη
611 2445 736 2541 νοήσας
756 2449 950 2539 προσέθηκε
974 2449 1012 2518 τὸ
1036 2474 1081 2528 ος.
1103 2490 1143 2501 -
1169 2453 1280 2519 Φ127
1301 2447 1367 2515 Ari·

202 2560 377 2645 stophanes
392 2561 519 2646 scripsit
534 2556 579 2638 ὥς
593 2584 630 2626 κε
652 2554 790 2650 φάγῃσι,
813 2584 880 2629 non
895 2556 933 2637 ὅς
949 2583 995 2626 κε.
1029 2558 1229 2644 Porphyrius
1245 2557 1366 2636 Quaest.

203 2668 298 2734 Hom.
318 2669 407 2738 cillo
429 2669 511 2749 1000,
532 2670 590 2736 ubi
612 2692 650 2734 ex
663 2669 863 2736 Philemonis
884 2661 1081 2752 supprimere
1102 2670 1141 2734 de
1161 2666 1275 2733 multis
1295 2686 1368 2751 γρα-

204 2778 318 2862 φικοῖς
332 2769 548 2863 ἁμαρτήμασι
568 2778 654 2862 apud
674 2778 845 2863 scriptores
866 2778 1005 2843 inventis
1026 2776 1137 2843 refert:
1164 2767 1195 2842 δ’
1207 2769 1247 2859 δέ
1264 2768 1368 2857 βέλτι-

203 2904 279 2961 στος
294 2877 538 2972 Ἀριστοφάνης
562 2878 696 2951 κάκεῖνο
721 2884 759 2951 τὸ
782 2880 946 2970 θρώσκων
968 2923 1006 2933 -
1029 2881 1067 2963 ός
1088 2906 1125 2948 κε
1139 2876 1267 2970 φάγησι
1287 2873 1368 2945 δείκ-

202 3013 293 3057 νοσιν
308 2983 353 3069 ὥς
365 2985 598 3079 ἡμαρτημένον
612 2987 834 3059 ὑπολείποιτο
850 2989 887 3059 ἐκ
904 2995 965 3080 τῆς
972 2991 1124 3069 παλαιᾶς
1135 2991 1367 3076 γραμματικῆς.

201 3100 254 3165 En
276 3101 439 3167 simillima
466 3103 623 3168 habemus
644 3103 745 3187 ipsius
765 3102 953 3170 Aristarchi.
996 3101 1168 3168 Aristonie.
1191 3101 1231 3162 Λ
1254 3105 1313 3168 104
1332 3089 1366 3160 ti:

200 3201 232 3294 (ῆ
258 3206 377 3294 διπλῆ)
400 3205 452 3274 ὅτι
474 3202 663 3295 Ζηνόδοτος
683 3205 807 3297 γράφει
827 3205 893 3288 »ὅν
914 3202 989 3276 ποτ’
1010 3203 1220 3289 :rustagn-
1242 3198 1366 3293 μήποτε

201 3312 237 3380 (ht
258 3312 470 3403 πεπλάνηται
486 3313 710 3402 γεγραμμένον
732 3320 791 3383 τοῦ
814 3342 832 3384 ο
854 3310 911 3382 ὑπ’
936 3310 1098 3403 ἀρχαϊκῆς
1113 3309 1281 3402 σημασίας
1303 3306 1367 3378 ἀντί

200 3429 257 3488 τοῦ
287 3449 314 3488 ιο
344 3422 508 3509 προσθείς
537 3423 575 3493 τὸ
603 3448 628 3490 ν.
678 3425 764 3492 Huic
791 3426 969 3493 Aristarchi
1000 3424 1217 3491 observationi
1246 3421 1366 3508 gemina

201 3533 344 3598 eiusdem
371 3538 496 3600 servata
516 3533 609 3602 Pind.
630 3531 724 3602 Nem.
747 3532 762 3599 I
785 3541 824 3603 34
851 3529 1091 3599 καταλείπεται
1116 3529 1153 3597 δὲ
1180 3534 1221 3622 τῆ
1251 3523 1365 3614 άρχαίγ

200 3635 347 3727 οημασίηι
361 3637 398 3705 τὸ
413 3636 517 3719 ἐσλός.
537 3636 558 3727 ῆ
576 3638 637 3725 γὰρ
651 3633 870 3728 ἀντίστροφος
885 3634 1006 3730 αἰιεήτει
1019 3637 1057 3706 τὸ
1073 3664 1092 3705 ο
1107 3646 1162 3723 (sc.
1177 3634 1365 3723 tctoir)²⁶¹.

199 3746 244 3812 Et
265 3747 306 3812 ad
326 3748 564 3815 Alexandrinos
584 3750 730 3836 relapsus
758 3751 863 3818 denuo
884 3751 1062 3817 Aristonici
1083 3749 1281 3836 Didymique
1304 3768 1364 3813 me·

200 3855 335 3921 moriem
360 3879 474 3922 revoco
502 3859 747 3944 studiorumque
771 3860 805 3924 in
826 3859 1042 3926 Aristarcheis
1067 3859 1159 3925 libris
1183 3858 1365 3944 positorum,
1425 3930 1430 3953 ⁴

201 3985 282 4046 quae
304 3964 370 4029 fere
392 3965 460 4029 sola
482 3967 523 4031 ad
544 3965 702 4031 Wolfium
720 3967 927 4033 refutandum
948 3968 1141 4035 sufficerent.

283 4071 330 4135 Ac
350 4071 495 4156 profecto
516 4074 596 4139 haec
618 4079 684 4139 tam
706 4079 782 4141 sunt
802 4099 860 4161 per
880 4080 984 4142 totam
1004 4076 1234 4160 antiquitatem
1254 4093 1363 4160 sparsa.

265 4323 302 4365 251
321 4340 346 4376 v.
361 4321 482 4377 Boeckh.
501 4322 593 4378 Ucber
611 4324 636 4380 d.
649 4324 714 4384 luit.
726 4324 913 4394 Behandlung
930 4323 977 4380 des
993 4325 1098 4382 Pindar
1114 4323 1145 4379 in
1156 4324 1271 4381 Memor.
1284 4316 1360 4379 rau

199 4404 289 4462 Berol.
309 4412 381 4464 1822.
401 4413 432 4462 23
450 4426 477 4478 p.
497 4413 554 4465 308.
