3008 4980
400 334 422 384 1.
454 328 608 384 Aristarchi
625 347 700 385 error
717 329 747 384 in
764 327 899 385 vocabulo
922 323 1027 399 διερός.
1257 341 1296 401 49

214 497 248 565 si
280 497 410 581 quidem
439 521 458 562 a
489 496 690 583 physiologis
723 519 827 563 sermo
856 495 994 564 Graecus
1024 498 1172 564 conditus
1202 503 1295 577 esset,

130 607 209 671 hacc
228 604 336 670 omnia
355 605 401 669 ita
414 604 532 670 habere
552 605 726 670 crederem:
748 627 833 670 nunc
853 626 928 670 vero
950 609 1036 671 recte
1059 606 1188 691 quidem
1209 628 1295 671 mor·
1308 607 1362 679 (58)

130 719 222 780 tuum
246 712 410 778 hominem
438 703 549 798 ξηρόν,
573 701 668 791 αὖον,
695 705 848 778 οκελετόν
871 713 933 777 dici
956 713 1100 798 potuisse
1113 714 1296 786 contendo:

131 821 249 906 quippe
278 823 310 884 et
336 823 449 885 est-ct
476 819 599 886 oculis
626 821 683 885 ita
708 843 790 887 esse
819 820 1000 913 cernitur
1024 821 1072 886 ab
1107 821 1296 886 omnibus:

131 928 187 993 scd
218 927 316 992 udum
347 926 511 992 hominem
538 927 662 993 nullum
690 938 758 994 esse
780 928 842 992 nisi
867 927 922 1012 qui
945 927 1039 992 sudat
1058 927 1110 992 vel
1132 949 1148 991 e
1169 927 1296 993 lavacro

129 1035 249 1120 prodiit
273 1033 325 1097 vel
348 1033 457 1118 pluvia
482 1034 590 1099 madet
618 1035 668 1100 vel
695 1035 792 1101 etiam
813 1035 932 1099 -sed
958 1034 1037 1119 quid
1056 1034 1158 1099 multa
1179 1033 1296 1120 colligo

129 1143 162 1206 in
184 1165 218 1206 re
239 1143 369 1226 aperta?
396 1138 458 1203 Hic
480 1141 565 1206 enim
587 1142 690 1207 valere
713 1142 819 1221 debet,
847 1143 934 1226 quod
954 1138 994 1206 ¹in
1021 1141 1182 1206 simillima
1203 1162 1298 1205 causa

130 1248 302 1333 prudenter
324 1248 528 1312 observatum
550 1251 599 1312 est
620 1271 639 1313 a
660 1249 870 1334 grammatico
899 1249 940 1314 ad
966 1252 996 1311 Φ
1017 1254 1091 1316 2523
1125 1240 1236 1314 αἰετοῦ
1257 1285 1297 1295 -

128 1350 273 1437 μέλανος
292 1355 350 1421 τοῦ
371 1357 577 1440 θηρητῆροςε
596 1348 825 1442 Ἀριστοτέλης
843 1349 1047 1437 μελανόστοο
1068 1349 1296 1439 ἀναγινώσκει,

129 1464 187 1528 cod
209 1456 337 1544 μέλανα
366 1453 449 1527 ὀστᾶ
479 1455 621 1542 horror·
656 1456 792 1547 ἀγνοεῖ
817 1459 860 1528 δὲ
885 1460 938 1540 ὥς,
962 1456 1004 1527 οὗ
1036 1462 1097 1527 δεῖ
1117 1457 1200 1530 ἀπὸ
1223 1466 1298 1526 τῶν

130 1563 289 1652 ἆφανῷν
304 1570 519 1633 ποιεῖσθαι
531 1567 577 1635 τὰ
592 1564 771 1635 ἐπίθετα.
794 1570 883 1648 Quae
899 1571 1078 1638 observatio
1094 1571 1298 1637 Aristarchea

128 1678 289 1744 videbitur
310 1679 509 1761 comparanti
530 1679 751 1744 Aristonicum
772 1680 813 1745 ad
835 1682 872 1741 Π
893 1683 962 1745 634.

211 1785 358 1868 Denique
372 1784 435 1848 hoc
450 1785 547 1850 etiam
568 1786 689 1871 aliquid
709 1787 865 1853 momenti
887 1786 1028 1864 habebit,
1051 1786 1139 1869 quod
1159 1785 1215 1870 qui
1236 1785 1296 1850 ali·

128 1914 192 1976 quo
213 1892 321 1977 poesis
351 1914 447 1957 sensu
469 1892 585 1957 imbuti
617 1899 724 1959 essent
750 1894 797 1972 id,
824 1894 911 1978 quod
932 1891 1110 1957 Homerum
1131 1893 1296 1958 admisisse

128 2000 249 2079 volunt,
270 2021 436 2082 nunquam
458 1999 576 2064 imitati
597 2005 680 2068 sunt.
716 2000 867 2066 Fortasse
888 2001 995 2066 minus
1016 2000 1081 2064 huc
1102 2001 1220 2065 attinet
1241 2001 1296 2065 ad-

129 2129 240 2172 vocare
262 2110 375 2191 poetas
396 2106 536 2190 Atticos,
557 2112 594 2173 ut
615 2108 867 2194 Aristophanem
889 2109 992 2190 (cuius
1013 2105 1143 2191 διεροὺς
1163 2101 1298 2184 οἰωνούς

127 2213 212 2280 Nub.
240 2218 312 2293 336,
345 2211 438 2294 διερὰ
459 2209 542 2300 μέλη
569 2216 627 2282 Av.
649 2221 710 2282 212
738 2216 803 2280 iam
830 2215 1043 2282 Schneiderus
1071 2219 1105 2280 et
1124 2213 1297 2281 Passovius

127 2326 161 2387 et
193 2326 522 2387 commemoraverunt
555 2326 587 2386 et
620 2322 852 2406 explicuerunt)
887 2322 937 2386 vel
969 2321 1179 2407 Aeschylum,
1212 2322 1298 2406 apud

128 2451 224 2513 quem
239 2429 266 2493 si
287 2433 373 2493 recte
386 2428 508 2514 legitur
522 2429 556 2493 in
571 2428 706 2497 Humen.
736 2435 796 2497 258
812 2417 895 2511 αἷμα
909 2430 1061 2516 μητρῷον
1076 2480 1083 2494 .
1099 2478 1106 2493 .
1127 2424 1165 2495 τὸ
1187 2426 1297 2513 διερὸν

127 2531 222 2622 πέδῳ
248 2531 425 2617 κεχυμένον
450 2529 589 2614 οἴχεται,
624 2537 705 2601 nihil
731 2537 905 2621 significari
931 2540 1040 2622 potest
1068 2559 1165 2620 quam
1191 2529 1298 2620 ὑγρόν.

128 2645 191 2712 Sed
205 2645 267 2729 ipsi
280 2644 475 2729 posteriores
491 2645 580 2730 epici,
602 2644 840 2709 admirabilium
854 2643 989 2710 Homeri
1011 2646 1198 2729 captatores,
1218 2666 1297 2728 poe·

127 2753 209 2817 ticae
239 2751 418 2836 elegantiae
442 2774 509 2817 non
537 2751 786 2817 fastidiosissimi
809 2750 1055 2828 existimatores,
1085 2749 1168 2814 hanc
1189 2754 1297 2816 tamen

127 2858 371 2924 translationem
392 2881 459 2923 non
478 2859 683 2924 admiserunt.
721 2856 825 2922 Tenet
846 2857 932 2942 apud
947 2856 1168 2941 Apollonium,
1189 2856 1297 2922 Theo·

128 2967 255 3044 critum,
278 2965 470 3050 Oppianum,
489 2964 654 3044 Nonnum,
676 2965 973 3051 epigrammatarios
994 2986 1057 3029 vox
1079 2956 1190 3048 διερός
1207 2966 1296 3046 (con-

129 3073 263 3137 iunctim
291 3094 363 3137 cum
384 3074 482 3138 verbo
513 3065 666 3155 διαίνειν)
698 3072 785 3136 uvidi
813 3071 996 3155 madidique
1019 3071 1296 3157 significationem,

130 3202 212 3264 quae
235 3201 273 3243 ex
295 3181 392 3265 epicis
413 3180 552 3264 primum
574 3183 708 3264 apparet
729 3179 814 3264 apud
828 3178 1007 3243 Hesiodum
1030 3178 1089 3263 Op.
1105 3183 1175 3246 458.
1206 3179 1296 3265 Ergo

130 3287 157 3350 si
179 3286 281 3351 solam
295 3291 475 3371 spectamus
490 3286 638 3351 vocabuli
659 3286 936 3371 significationem,
957 3285 1037 3350 haec
1058 3308 1123 3350 non
1146 3287 1297 3366 obstaret,

130 3417 194 3478 quo
220 3394 326 3459 minus
355 3418 367 3456 ι
388 3399 428 3461 43
456 3392 556 3478 διερῷ
575 3387 673 3469 ποδί,
703 3397 741 3457 ut
761 3392 909 3458 nonnulli
929 3392 1113 3472 voluerunt,
1138 3394 1297 3478 interpre-

129 3505 269 3566 taremur
289 3502 405 3581 „navi“,
426 3501 489 3565 nisi
509 3500 584 3580 hoc,
613 3504 650 3565 ut
670 3501 847 3565 rectissime
869 3500 909 3564 ab
930 3499 1103 3565 Hustathio
1129 3501 1297 3580 monitum,

130 3606 388 3691 διθοραμβῷδες
409 3613 505 3686 esset3
538 3608 680 3691 reliquae
702 3629 777 3673 vero
799 3608 1081 3691 interpretationes
1104 3608 1206 3673 cidem
1226 3608 1294 3673 Hu—
1312 3627 1344 3678 49

129 3715 248 3780 stathio
264 3720 539 3794 commemoratae,
561 3718 598 3779 ut
614 3713 714 3799 διερῷ
731 3711 814 3780 ποδὶ
832 3709 965 3799 φεύγειν
985 3714 1028 3779 sit
1049 3715 1193 3793 „madido
1214 3716 1296 3801 pede

128 3822 257 3906 filgere‘
277 3824 327 3888 vel
355 3824 452 3908 „pede
480 3845 537 3908 per
564 3845 650 3888 mare
670 3822 813 3908 fugere“,
840 3825 947 3906 aperte
973 3822 1108 3906 ineptae.
1148 3822 1295 3908 Denique

129 3930 170 3994 ad
184 3929 319 3994 alterum
337 3931 452 4013 locum,
475 3952 571 4014 quem
585 3930 741 4015 principio
763 3929 937 4014 posuimus,
956 3929 1072 3994 horum
1093 3929 1175 3994 nihil
1192 3932 1295 4015 aptari
1307 3941 1360 4008 (59)

129 4040 244 4121 potest.
282 4037 354 4116 Quo
375 4037 476 4122 igItur
495 4037 546 4102 his
568 4038 758 4124 ambagibus
779 4037 1002 4122 pervenimus?
1029 4036 1082 4101 Ad
1107 4035 1188 4101 illud
1207 4038 1296 4103 vide·

129 4143 419 4223 licetSocraticum,
432 4147 469 4208 ut
479 4145 602 4211 nescire
612 4145 839 4230 intelligamus.
861 4142 955 4220 Quod
970 4144 1090 4209 sciendi
1103 4144 1296 4229 principium

130 4255 188 4318 est.
224 4252 376 4338 Vulgaris
396 4251 543 4316 vocabuli
564 4253 654 4318 notio
677 4254 705 4318 si
726 4255 763 4316 ut
783 4250 916 4335 reliquis
937 4250 1042 4334 poetis
1063 4251 1295 4316 accommodari

130 4362 237 4444 potest
255 4359 415 4437 facillime,
436 4359 482 4424 sic
496 4357 637 4425 Homero
661 4359 857 4443 neutiquam,
880 4357 981 4421 oritur
1002 4357 1150 4441 suspicio,
1172 4357 1234 4420 hoc
1256 4377 1294 4420 ex

179 4459 286 4512 Iaehrs,
299 4459 432 4501 Aristarchi.
1072 4459 1088 4510 4
