3046 4980
228 343 289 404 354
529 336 563 393 V.
586 334 628 391 De
646 335 748 391 criticis
766 334 920 393 Aristarchi
937 336 1100 394 rationibus.

227 498 283 567 ἐπὶ
297 497 357 588 τῆν
379 497 558 585 πρεσβείαν
579 497 778 567 στείλασθαι
800 502 1017 581 δειπνοῦντες.
1055 501 1135 591 φησί
1154 506 1244 588 γοῦν·
1267 498 1396 590 ,,αύτὰρ

227 602 301 675 έπεί
321 602 461 673 σπεῖσάν
481 602 508 673 τ’
532 603 630 675 ἔπιόν
651 602 687 674 θ’
712 604 790 676 ὅσον
811 602 919 696 ῆθελε
940 606 1066 694 θυμός,
1096 605 1240 696 ὦρμῶνό
1265 609 1301 676 ἐκ
1323 611 1397 677 κλι-

226 709 323 803 σίης“
345 719 440 801 (177).
485 709 622 799 ἷίμεινον
650 707 708 784 οὖν
737 707 820 798 εἶχεν
848 711 902 799 ίίν,
931 716 1031 807 φησίν
1053 713 1071 784 ὁ
1091 711 1318 803 Ἀρίσταρχος,
1342 713 1397 803 (εί)

226 819 408 908 ἐγέγραπτο
438 816 519 914 „dict
544 820 752 903 dudcavcffl,
782 818 822 888 ἵν’
850 821 930 892 ὅσον
955 821 1164 910 χαρίσασθαι
1188 828 1236 912 τῷ
1252 820 1399 906 Ἀχιλλεῖ

226 924 414 1014 γεύσασθαι
437 926 623 1014 μόνον...
658 926 729 998 ἀλλ’
761 928 852 1016 ὅμως
877 926 952 1000 ὑπὸ
977 936 1163 1019 περιττῆς
1189 927 1399 1018 εὐλαβείας

145 1032 341 1117 (376)ούόέν
361 1035 595 1127 μετέθηκεν,
620 1038 659 1106 ἐν
683 1040 856 1120 πολλαῖς
881 1037 1003 1120 ούτως
1029 1035 1151 1126 εύρών
1177 1037 1397 1129 φερομένην

162 1157 211 1208 360
228 1144 298 1233 τῆν
319 1142 541 1235 γραφῆνῖῧέ.
584 1149 629 1217 Et
649 1140 742 1216 haec:
771 1153 802 1212 Γ
819 1157 880 1219 262
905 1145 1076 1234 προκρίνει
1097 1145 1157 1232 μὲν
1177 1144 1238 1236 τῆν
1260 1145 1317 1214 διὰ
1338 1151 1399 1213 τού

227 1252 389 1343 εγραφῆν
403 1249 535 1341 βῆσεισ,
559 1255 648 1343 πλὴν
663 1251 700 1324 ού
720 1253 939 1344 μετατίθησιν
962 1253 1049 1322 ἀλλὰ
1073 1254 1130 1321 διὰ
1151 1259 1209 1322 τοῦ
1232 1281 1253 1320 α
1275 1249 1399 1344 γράφει

227 1357 246 1426 ὁ
265 1354 485 1450 Ἀρίσταρχος.
527 1368 557 1429 Β
579 1371 639 1433 665
665 1367 712 1452 βῆ
733 1361 880 1454 φεύγωνε
906 1362 944 1432 τὸ
970 1361 1031 1448 μὲν
1049 1360 1230 1452 Ὁμηρικὸν
1250 1358 1334 1441 ἔθος
1353 1366 1398 1450 βῆ

227 1465 362 1558 φεύγειν
375 1467 591 1560 προφέρεται.
628 1465 738 1538 ἄλλ’ἱί
759 1495 795 1558 γε
807 1466 1020 1561 Ἀρίσταρχος
1036 1468 1080 1539 ,ού
1103 1468 1297 1558 μετέθηκεν,
1323 1464 1395 1535 ἀλλ’

227 1573 332 1656 οὕτως
358 1572 481 1668 γράφει
506 1583 577 1666 ,,βῆ
607 1575 772 1669 φεύγωνῑῑ.
820 1604 841 1645 α
863 1587 923 1650 337
949 1583 994 1666 τῷ
1021 1570 1116 1657 σίδας
1143 1572 1203 1646 ούκ
1225 1573 1397 1666 ἑχρῆσατο.

226 1681 415 1773 Ζηνόδοτος
428 1681 551 1778 γράφει
565 1681 667 1778 ᾔδεις,
680 1681 894 1775 Ἀρίσταρχος
902 1684 939 1753 δὲ
952 1681 989 1754 ού
1006 1681 1208 1771 δυσχεραίνει
1221 1689 1262 1776 τῆ
1276 1689 1398 1776 γραφῇ.

226 1793 308 1862 Item
328 1799 446 1866 11636
473 1797 580 1864 noluit
606 1821 671 1864 unc
699 1798 803 1864 deleto
829 1789 855 1861 τ’
881 1820 1009 1864 omnem
1039 1797 1208 1864 dubitandi
1228 1796 1397 1863 materiam

226 1903 347 1971 tollere.
384 1902 469 1982 Quid
483 1906 585 1992 igitur
605 1906 727 1972 veritus
749 1909 797 1972 est
818 1906 881 1971 nisi
903 1906 1049 1972 codicum
1068 1905 1313 1970 auctoritatem?
1334 1903 1397 1968 His

226 2011 448 2077 addicentibus
462 2014 627 2079 meliorem
638 2018 670 2081 et
681 2013 922 2099 exquisitiorem
932 2014 1034 2079 visam
1041 2012 1214 2078 lectionem
1224 2012 1354 2096 recepit,
1365 2034 1395 2076 v,

226 2118 408 2204 exemplum
417 2142 514 2204 supra
522 2121 666 2206 positum
676 2128 755 2206 p.67
763 2121 896 2188 ²⁵³⁸nct.
918 2119 1078 2187 Illieddas
1088 2119 1192 2185 simile
1203 2120 1274 2186 hoc.
1293 2121 1396 2186 uf332

349 2218 372 2312 ῆ
392 2220 468 2311 τόγε
489 2225 590 2293 νύσσα
610 2225 743 2295 τέτυκτο
766 2225 823 2294 ἐπὶ
843 2225 1015 2314 προτέρων
1037 2220 1239 2314 ἀνθρώπων,

349 2329 407 2399 καί
427 2335 483 2399 νύν
503 2328 633 2420 τέρματ’
657 2329 761 2423 ἔθηκε
781 2327 955 2423 ποόόρκης
976 2335 1048 2413 δῖος
1066 2328 1245 2416 Ἀχιλλεύς.

225 2442 316 2509 Eust.
336 2443 367 2508 iu
388 2444 408 2508 l.
427 2467 460 2528 p.
485 2449 574 2525 1304,
595 2452 637 2513 24
665 2440 700 2510 έν
727 2439 764 2509 dd
788 2445 837 2530 τῷ
864 2435 913 2529 ,,ῆ
938 2439 1015 2528 τόγε
1036 2438 1138 2510 νύσσα
1157 2439 1317 2509 τέτυκτοέῑ
1339 2438 1398 2508 καὶ

226 2544 300 2636 ἑξῆς
326 2572 429 2638 φασιν
453 2544 484 2617 οἱ
505 2549 650 2618 παλαιοί
671 2547 724 2618 ότι
741 2544 955 2636 Ἀρίσταρχος
974 2546 1097 2640 γράφει
1118 2544 1166 2640 ,,ῆ
1187 2545 1263 2634 τόγε
1283 2545 1398 2635 σκίρος

225 2652 401 2743 (σκίῤῥοςλ)
428 2653 498 2746 έην,
528 2662 585 2724 νῦν
613 2650 655 2724 cd
679 2655 763 2726 θέτο
791 2652 922 2746 τέρματ’
943 2652 1147 2740 Ἀχιλλεύςίί,
1179 2654 1252 2736 ἑνός
1276 2651 1396 2725 τούτου

225 2763 335 2845 στίχου
350 2763 507 2844 τεθέντος
527 2760 583 2833 ὑπ’
607 2764 733 2833 ἐκείνου
755 2761 829 2834 ἀντὶ
848 2770 913 2832 τῶν
935 2761 1088 2853 ἀνωτέρω
1109 2763 1301 2855 γραφέντων
1324 2758 1396 2832 δύο.

225 2873 398 2942 Praeterea
418 2877 536 2943 adeant
556 2877 693 2944 lectores
715 2877 781 2945 ach.
803 2881 835 2940 Ζ
851 2885 881 2946 4.

310 2984 374 3052 Sed
393 2986 450 3052 ubi
471 2985 607 3071 duplicis
626 2986 774 3052 lectionis
796 3008 899 3070 ecque
920 2989 988 3050 erat
1009 2985 1183 3051 auctoritas
1205 2984 1283 3070 quid
1303 3005 1396 3050 sccu-

226 3095 278 3158 tus
306 3096 375 3159 eet?
406 3093 548 3180 Egregie
576 3095 669 3160 dccet
690 3092 844 3178 Apollcn.
865 3092 960 3178 Dysc.
984 3099 1066 3178 synt.
1090 3118 1121 3179 p.
1143 3101 1196 3172 77,
1226 3092 1395 3177 disputans

227 3200 265 3265 de
281 3199 400 3286 duplici
420 3201 559 3268 lectione
581 3205 655 3277 πῶς
677 3194 709 3264 d’
733 3194 767 3265 cd
788 3207 851 3264 τῶν
874 3196 997 3287 Τρώων
1019 3195 1169 3289 φυλακαί
1190 3204 1223 3265 et
1243 3201 1318 3275 πῶς
1339 3196 1397 3263 dci

226 3306 300 3388 (hoc
326 3307 542 3393 Aristarchus)
569 3309 634 3372 τῶν
659 3301 781 3392 Τρώων
810 3302 969 3396 φυλακαί.
1013 3302 1127 3387 ,,όλλὰ
1156 3300 1312 3397 φαίνεται
1343 3302 1397 3372 ὅτι

224 3410 282 3477 τὸν
292 3407 505 3499 Ἀρίσταρχον
520 3410 621 3480 ἐκίνει
640 3412 678 3482 τὸ
700 3409 824 3498 ἔθιμον
836 3418 903 3482 τοῦ
923 3417 1076 3501 ποιητοῦ,
1102 3405 1139 3492 ὃς
1159 3407 1316 3502 συνῆθως
1335 3409 1397 3496 μὲν

227 3517 375 3586 ἐλλείπει
394 3525 466 3601 τοῖς
487 3516 644 3610 όίρθροις,
673 3517 833 3589 συνάπτει
855 3521 892 3589 δὲ
911 3520 994 3607 μετὰ
1015 3521 1058 3589 τὰ
1079 3516 1236 3606 πύσματα
1256 3517 1315 3587 τὸν
1337 3517 1397 3586 cat

226 3621 416 3712 σύνδεσμον,

306 3731 356 3813 τίς
377 3732 462 3818 daig,
485 3734 536 3817 τίς
558 3736 614 3805 δαί
635 3734 755 3822 ὅμιλος
777 3733 830 3806 ὅδ’
852 3734 990 3818 έπλετος

306 3848 374 3911 ποῦ
397 3844 453 3915 δαί
471 3849 551 3934 νηύς
572 3843 754 3934 έστηκεςῖ54

228 4145 257 4201 Ψ
291 4064 330 4107 253
365 4063 498 4121 Similiter
508 4047 688 4138 ieprchendit
700 4065 852 4121 Homerum
863 4081 955 4135 neque
966 4068 1063 4121 tumen
1076 4064 1211 4128 mutatX
1221 4065 1279 4118 466,
1296 4063 1327 4116 H
1338 4065 1395 4118 114.

236 4278 238 4282 .
272 4154 349 4277 83⁵2*
367 4234 518 4304 <Editicnis
529 4235 636 4306 prioris,
655 4255 682 4308 p.
696 4243 728 4292 57
742 4235 825 4292 huius
842 4235 980 4291 editionis.
1007 4234 1109 4306 Agitur
1121 4233 1155 4289 dc
1168 4236 1193 4288 A
1206 4237 1255 4288 664
1268 4230 1396 4300 exemplo

225 4337 300 4388 „non
317 4319 499 4390 aptissimo.“>

290 4407 330 4451 254
363 4423 383 4461 α
400 4409 457 4461 226.
478 4424 501 4459 ω
520 4411 577 4462 298.
596 4407 626 4460 K
640 4410 699 4461 406.
718 4423 745 4461 v.
762 4405 846 4462 schol.
864 4406 893 4462 h.
912 4406 930 4462 Ι,
947 4403 1077 4476 Apollcu.
1096 4406 1167 4472 synt.
1186 4419 1214 4473 p.
1232 4405 1272 4456 78.
1290 4419 1317 4470 p.
1337 4405 1360 4455 6.
