3008 4980
216 343 273 406 136
302 338 336 392 Π.
354 336 395 392 De
413 336 589 392 Adstarchea
605 336 804 393 vocabulorum
819 334 1031 392 Homericorum
1051 334 1294 406 interpretatione.

214 497 346 586 άδμωες
368 499 398 568 δ’
418 499 576 587 ὁρόωντες
596 497 660 568 ἔσω
682 498 814 569 κοίλοιο
843 505 961 587 μυχοῖο
983 496 1187 588 άχρομένους
1208 507 1297 569 recte
1322 504 1389 569 dic·

213 617 291 678 tum.
335 614 455 679 Contra
476 612 626 698 Apollon.
655 611 703 677 IV
725 607 830 697 712ἡ
861 605 892 675 δ’
917 603 996 676 ε’ίσω
1022 603 1190 687 πελάνους
1208 603 1388 694 μείλικτρά

150 739 197 790 137
214 743 249 784 τε
275 714 473 808 νηφαλίῃσιν
499 720 590 784 καῖεν
620 712 671 783 ἐπ’
704 712 866 808 εὐχωλῇσι
891 714 1079 799 παρέστιος.
1126 720 1236 797 Quint.
1264 721 1306 783 A
1328 726 1388 788 446

213 821 258 904 ὡς
281 819 312 891 δ’
338 820 384 892 ὅτ’
408 822 472 892 ἔσω
494 821 651 910 σίμβλοιο
674 821 745 910 μέγ’
770 821 1072 909 ίδζωσιμέίισοαι.
1107 824 1216 895 Nonn.
1231 825 1312 893 XIV
1326 833 1386 896 247

213 929 285 1001 ἀλλ’
310 931 365 1001 ὅτε
387 933 425 1021 δὴ
449 929 612 1011 Διόνυσος
633 928 697 999 ἔσω
720 928 968 1018 Κορυβαντίδος
992 928 1073 1020 ίίλης
1088 931 1224 1019 χρύσεον
1247 926 1387 1020 εὐποίη-

212 1066 271 1109 τον
292 1035 432 1108 ἐδύσατο
459 1036 585 1123 κόσμον
608 1034 739 1118 Ἐνυοῦς
758 1079 808 1105 -.
833 1043 942 1121 Quint.
964 1035 992 1121 ς’
1017 1048 1075 1111 190
1097 1034 1169 1107 ἕνθ’
1194 1036 1251 1124 dyc
1277 1033 1385 1120 λέξατ’

215 1144 288 1216 ἰών·
309 1148 362 1216 τοί
384 1145 416 1214 δ’
441 1142 564 1215 άλλοσε
584 1151 697 1215 κοῖτον
718 1145 842 1218 ἕλοντο.

277 1259 426 1347 Ceterum
453 1260 491 1324 de
520 1259 758 1324 constructione
779 1258 952 1324 Homerica
976 1257 1064 1323 vocis
1092 1249 1169 1321 τίσω
1196 1279 1271 1323 cum
1291 1248 1386 1324 accu-

134 1376 204 1446 (142)
217 1366 319 1432 sativo
344 1366 423 1431 item
445 1366 650 1431 observatum
670 1366 865 1432 Aristarcho.
909 1365 941 1428 Ω
964 1372 1023 1433 145
1035 1358 1141 1430 ’Ίλιον
1160 1358 1256 1429 sihor:
1278 1359 1311 1450 (ἡ
1337 1363 1384 1429 δι-

214 1472 298 1559 πίη)
326 1469 378 1538 δτι
407 1473 555 1549 τοπικῶς
581 1464 654 1536 ἄντί
677 1473 737 1558 τῆς
762 1468 972 1556 προθέσεως·
999 1467 1098 1536 θέλει
1120 1470 1183 1556 γὰρ
1210 1465 1318 1536 εἰπεῖν
1341 1465 1386 1548 είς

206 1574 319 1646 Ἴλιον.
365 1581 412 1647 cf.
439 1582 479 1645 ad
503 1587 571 1648 184.
595 1586 661 1647 199.
686 1585 724 1644 Α
746 1588 794 1648 71.
838 1581 918 1646 Oum
939 1581 1082 1665 genitivo
1105 1581 1315 1647 coniunctum
1336 1579 1385 1645 bis

215 1690 301 1774 apud
321 1689 500 1754 Homerum
523 1688 693 1766 habemus,
715 1689 744 1752 θ
765 1693 826 1757 290
852 1688 898 1770 (in
921 1686 1056 1754 Veneris
1079 1691 1111 1753 et
1131 1688 1245 1754 Martis
1267 1687 1386 1754 amori·

214 1797 287 1880 bus)
324 1789 342 1862 δ
376 1789 408 1859 δ’
439 1788 517 1860 ε’ίοω
554 1786 707 1877 δώματος
737 1788 806 1883 ᾔει,
844 1799 877 1860 et
911 1818 931 1880 η
967 1800 1026 1863 135
1055 1789 1276 1882 καρπαλίμως
1301 1788 1385 1880 ὑπὲρ

215 1897 316 1968 οὐδὸν
338 1895 481 1989 ἐβήσατο
505 1896 659 1983 δώματος
679 1894 767 1966 εἴσω.
784 1943 823 1952 -
842 1902 1088 1969 Recentioribns
1110 1904 1208 1988 epicis
1231 1906 1387 1970 consueta

214 2014 293 2077 haec
316 2011 522 2077 constructio.
559 2009 745 2095 Apolloni
767 2015 836 2077 357.
860 2015 927 2077 372.
950 2015 1018 2078 396.
1042 2009 1074 2076 IJ
1095 2015 1143 2078 73.
1164 2017 1213 2078 95.
1238 2017 1297 2080 136
1320 2006 1387 2094 (κε’-

216 2118 343 2183 δασθεν
358 2111 436 2181 εἰὀω
445 2111 635 2202 Βεβρυκίης,
648 2110 794 2200 Ἀμύκου
808 2110 914 2202 μόρον
925 2109 1155 2202 ἀγγελέοντες).
1178 2126 1248 2187 577.
1262 2117 1387 2187 Π1311.

216 2227 296 2310 Opp.
318 2226 391 2291 Hal.
415 2229 445 2287 Γ
464 2230 532 2293 386.
569 2232 602 2290 Δ
623 2234 691 2294 111.
714 2232 783 2293 399.
820 2228 851 2289 Ε
874 2231 934 2294 539
962 2227 1001 2306 (ο.
1023 2247 1086 2291 acc.
1109 2227 1141 2289 A
1164 2232 1232 2295 169.
1254 2231 1325 2294 389.
1364 2227 1390 2289 Ε

218 2338 296 2416 164).
320 2333 427 2411 Quint.
450 2334 482 2395 A
505 2340 573 2401 177.
595 2332 702 2399 Noun.
724 2334 755 2399 V
777 2341 847 2402 244.
869 2339 938 2401 314.
972 2332 1036 2400 Sed
1057 2375 1097 2383 —
1119 2355 1191 2398 cum
1213 2333 1322 2399 dativo
1339 2337 1389 2400 est

217 2441 352 2526 Oppian.
381 2440 453 2508 Hal.
475 2440 572 2509 1737
595 2434 658 2504 ἔσω
681 2435 873 2525 λαχόνεσοιν
892 2434 1013 2505 ἔδεκτο.
1042 2440 1096 2507 Sic
1111 2441 1196 2507 enim
1210 2439 1388 2508 Schneide-

215 2700 292 2756 tione
311 2698 479 2770 dignissima,
497 2698 528 2753 in
546 2697 589 2754 his
601 2698 740 2754 adverbiis
751 2698 781 2753 in
793 2702 848 2755 θεν
860 2699 1024 2756 exeuntibus
1037 2717 1180 2769 quousque
1191 2697 1249 2754 iam
1260 2698 1388 2755 Homeri-

216 2785 255 2840 cis
282 2783 454 2855 temporibus
479 2784 698 2854 unumquodque
725 2801 743 2838 a
769 2783 884 2854 propria
910 2782 1112 2854 significatione
1135 2782 1301 2848 discesserit,
1331 2800 1388 2853 quo

216 2869 317 2924 deinde
335 2870 404 2924 haec
421 2868 535 2924 libertas
546 2886 691 2939 progressa
709 2869 752 2924 sit.
769 2868 800 2924 11.
818 2887 844 2939 g.
863 2871 892 2922 N
906 2872 952 2923 107
970 2873 1022 2923 νῦν
1039 2868 1064 2923 δ’
1079 2861 1188 2924 ἕκαθεν
1204 2857 1309 2933 πόλιος
1326 2864 1390 2925 κοί-

215 2956 266 3024 λης
283 2949 332 3009 ἐπί
349 2955 433 3022 νηυσὶ
448 2952 601 3022 μάχονται.
638 2953 683 3008 Sic
701 2953 877 3010 Aristarchus
901 2953 976 3009 bona
997 2952 1073 3007 haud
1097 2951 1181 3008 dubie
1204 2956 1389 3009 monumenta

216 3040 337 3102 secutus3
355 3037 510 3092 Zenodotus
527 3040 557 3092 ct
572 3037 771 3108 Aristophanes
789 3035 821 3093 dt
839 3035 917 3101 ἑκάς.
947 3038 979 3092 In
991 3037 1090 3092 codem
1101 3054 1181 3094 versu
1192 3039 1220 3093 Ε
1230 3042 1277 3094 791
1292 3040 1388 3094 utrum

216 3121 391 3178 Aristarchus
403 3121 512 3177 dederit
528 3137 586 3175 non
603 3121 747 3176 traditum.
775 3121 835 3176 Hoc
852 3120 1041 3192 uuusquisque
1059 3121 1144 3177 sentit
1159 3121 1305 3193 μάχονται
1322 3116 1389 3179 ἕκα-

216 3210 271 3263 θεν
288 3199 391 3270 πόλιος
411 3206 456 3260 vix
478 3205 598 3276 primam
622 3205 758 3274 originem
775 3205 921 3275 migrasse,
943 3206 1019 3275 quod
1035 3204 1074 3260 sic
1092 3204 1199 3260 dictum
1216 3209 1260 3260 est
1276 3208 1310 3261 nt
1328 3200 1389 3263 άπδ

218 3295 307 3361 τριῶν
323 3290 451 3345 σταδίοιν
461 3300 513 3359 τῆς
529 3283 644 3353 πόλεως
654 3289 806 3358 μάχονται.
834 3290 895 3343 Iam
906 3289 959 3345 hoc
971 3289 1163 3346 Aristarchum
1173 3289 1233 3345 iure
1245 3291 1388 3355 movebat,

218 3375 326 3430 etiamsi
347 3391 404 3429 non
428 3373 580 3429 invenisset
601 3372 631 3427 in
649 3372 772 3441 Odyssea
794 3374 822 3443 (ρ
841 3376 884 3442 25)
903 3367 1011 3429 ἕκαθεν
1033 3373 1066 3430 δέ
1082 3393 1116 3430 τε
1133 3371 1206 3431 ἄστυ
1223 3367 1292 3443 φάτ’
1313 3368 1390 3430 εἶναι

217 3459 259 3512 illi
276 3459 453 3513 simillimum.
490 3458 544 3512 Sed
564 3458 639 3526 quod
656 3456 820 3528 Apollonius
843 3456 953 3527 scripsit
969 3459 984 3511 I
1002 3461 1051 3514 216
1070 3458 1105 3514 de
1122 3458 1211 3514 Borea
1229 3457 1390 3515 Orithuiam

218 3545 362 3598 auferente
380 3560 413 3598 ex
431 3543 526 3598 Attica
543 3541 573 3596 in
590 3541 739 3596 Thraciam

350 3631 401 3682 καί
416 3647 467 3696 μιν
483 3624 565 3698 ἄγων
583 3620 692 3683 ἕκαθεν
709 3624 839 3696 (fernhin)
858 3627 1064 3696 Σαρπηδονίην
1082 3621 1133 3683 ὅθι
1152 3626 1263 3698 πέτρην

351 3709 502 3768 κλείουσιν
518 3743 551 3754 -

218 3797 280 3866 hoc,
299 3800 437 3866 quantum
453 3797 611 3868 intelligere
627 3797 704 3862 licet,
726 3796 862 3852 Homerus
886 3813 943 3851 non
961 3794 1084 3860 dixisset,
1111 3796 1159 3853 sed
1182 3790 1258 3862 ἑκάς.
1293 3799 1324 3853 Ν
1340 3803 1390 3855 592

219 3873 259 3945 tr
271 3874 331 3936 ἀπὸ
342 3870 480 3951 θάρηκος
490 3873 645 3938 Μενελάου
657 3882 829 3947 κυδαλίμοιο
842 3880 951 3935 πολλὸν
964 3878 1185 3950 ἀποπλαγχθεὶς
1195 3874 1267 3946 ἑκάς
1278 3874 1390 3939 ἔπτατο

218 3965 323 4035 πικρδς
343 3959 450 4028 ὀϊστός.
485 3965 524 4020 cf.
543 3969 622 4032 ξ496
642 3967 704 4034 λίην
725 3963 782 4036 γὰρ
807 3969 882 4034 νηῶν
900 3960 969 4027 ἑκὰς
985 3956 1114 4032 ἤλθομεν
1134 3967 1163 4019 et
1180 3983 1197 4034 ρ
1214 3971 1246 4021 73
1266 3958 1327 4022 οὐδ’
1345 3960 1391 4041 ἄρ’

220 4044 263 4105 ἔτι
289 4042 340 4118 δὴν
365 4049 530 4119 Τηλέμαχος
551 4051 661 4114 ξείνοιο
685 4043 753 4113 ἑκάς
774 4042 900 4118 τράπετ’.
945 4049 1005 4104 Ηοο
1027 4047 1190 4104 adverbium
1213 4067 1271 4106 non
1293 4051 1390 4123 tetigit

156 4147 204 4196 137
221 4133 300 4188 Tafel
316 4132 353 4186 ad
372 4131 451 4187 Pind.
470 4132 510 4187 01.
527 4134 566 4186 ΠΙ
583 4134 636 4188 vol.
655 4135 668 4187 I
684 4152 712 4202 p.
727 4138 783 4188 146.
812 4133 927 4187 Utinam
944 4133 1095 4203 placuisset
1111 4134 1170 4188 viro
1189 4135 1271 4190 docto
1291 4138 1320 4192 et
1336 4137 1390 4192 hoc

219 4220 280 4273 loco
293 4219 322 4272 et
333 4216 394 4271 aliis
406 4214 507 4286 copias,
526 4235 594 4286 quas
609 4219 666 4273 fere
684 4218 759 4272 haud
778 4219 994 4273 contemnendas
1011 4217 1105 4283 habet,
1123 4236 1180 4273 non
1197 4237 1248 4289 per
1264 4222 1389 4276 saturam

221 4302 371 4366 effundere,
389 4302 438 4357 sed
455 4301 552 4357 ordine
564 4301 752 4374 spectantium
770 4302 855 4358 oculis
873 4320 1018 4373 exponere.
1047 4302 1185 4358 Vocabuh'
1204 4295 1322 4374 ὑψόθεν
1336 4322 1387 4376 pro

221 4383 299 4458 6ψοῦ
315 4385 400 4458 positi
417 4386 560 4457 complura
576 4388 662 4443 habet
680 4387 818 4459 exempla:
836 4387 971 4444 Homerus
988 4405 1132 4457 nunquam
1149 4387 1188 4444 sic
1205 4389 1307 4459 posuit.
