3008 4980
220 313 279 375 192
400 306 450 360 ΙΙΙ.
474 305 515 361 De
533 303 686 361 Aristarchi
704 303 822 362 seientia
839 303 1016 374 antiquitatis
1032 301 1204 358 Homericae.

218 465 396 554 ,πόλεμόν
423 496 458 538 τε
478 467 585 559 μάχην
605 482 667 539 τε“
689 476 837 560 (11251).
878 464 902 559 ἢ
925 469 983 538 τὸν
1008 465 1045 535 τέ
1073 463 1256 552 σύνδεσμον
1277 489 1388 552 περιτ-

218 575 276 644 τὸν
299 575 487 663 νομιστέον,
517 573 557 644 ἵν’
585 571 605 671 ᾗ
634 583 728 666 ῥινοῦ
753 582 842 665 βοῶν
866 574 1014 646 τουτέστι
1041 579 1107 643 τῶν
1134 569 1301 642 ἀσπίδων.
1342 575 1386 643 cf.

217 688 250 753 Δ
275 694 346 757 448.
375 725 417 739 -
447 688 547 755 Binas
581 687 690 755 hastas
724 692 856 776 gerunt,
888 690 928 752 A
952 693 1002 757 43.
1028 725 1068 735 -
1097 687 1126 752 O
1151 692 1213 756 480
1246 679 1302 751 ὅτι
1330 676 1387 750 οάκ

218 783 305 875 εἶχον
325 788 476 882 κόρυθας
498 790 530 862 οἳ
550 791 693 877 τοξόται.
730 793 786 862 καί
807 792 865 862 ἐπὶ
885 797 951 860 τῶν
971 797 1119 879 Λοκρῶν
1140 786 1206 874 „ud
1229 789 1294 879 γὰρ
1315 784 1387 873 ἔχον

218 895 368 989 κόρυθας
384 901 593 992 χαλκήρεας·
612 907 661 988 (Ν
678 906 762 988 714).
790 943 830 954 -
857 903 944 971 Usus
965 905 1093 972 criticus
1113 903 1255 989 primum
1276 903 1307 963 Β
1321 905 1387 979 529,

216 1011 273 1076 ubi
290 1013 375 1078 inter
390 1012 453 1079 alia
466 1013 578 1093 multa,
600 1035 682 1097 quae
703 1013 820 1079 horum
841 1034 991 1079 versuum
1012 1011 1228 1097 suspicionem
1249 1012 1387 1086 movent

218 1123 250 1185 et
270 1120 333 1185 hoo
355 1123 416 1186 est:
447 1123 558 1198 κακῶς
586 1117 623 1184 δὲ
644 1117 759 1187 καὶτὸ
785 1118 838 1205 (τὸ
860 1143 919 1205 pro
942 1112 960 1185 ὃ
981 1117 1099 1203 Baka>
1121 1113 1325 1202 λινοθώρηξ·
1357 1108 1387 1180 oi

217 1223 278 1313 γὰρ
285 1222 441 1314 Ἓλληνες
461 1214 522 1294 oda
544 1222 684 1311 ἐχρῶντο
705 1227 811 1307 λινοῖς
831 1225 976 1311 θώραξι·
999 1222 1057 1292 διὰ
1078 1221 1207 1304 παντός
1227 1221 1292 1308 γάρ
1311 1221 1388 1304 χαλ-

217 1329 395 1415 κοχίτωνας
422 1327 542 1414 αύτούς
566 1331 665 1421 λέγει.
707 1335 779 1415 Quo
809 1336 951 1422 pertinet
981 1338 1017 1397 N
1038 1339 1099 1404 430
1125 1326 1159 1420 (ἡ
1187 1329 1309 1418 διπλῆ)
1338 1325 1388 1397 ὅτι

216 1445 334 1532 σαφῶς
353 1440 411 1510 τδν
438 1437 580 1529 θώρακα
605 1447 727 1524 χιτῶνα
747 1442 900 1524 χαλκοῦν.
941 1447 976 1506 Ν
994 1448 1054 1512 372
1076 1434 1108 1530 (ή
1130 1440 1173 1526 δ.)
1197 1435 1251 1507 ὅτι
1271 1437 1389 1520 χαλκοῖ

217 1545 251 1616 οὶ
271 1543 436 1637 θώρηκες·
459 1550 543 1638 πρὸς
562 1550 600 1619 τὸ
620 1544 760 1635 ,,ἀλίγος
779 1545 840 1634 μέν
861 1545 917 1638 έην
939 1541 1164 1638 λινοθώρηξῑῑ.

297 1659 370 1727 Ηοο
392 1661 714 1746 praestantissimum.
757 1663 784 1723 Γ
804 1665 865 1729 328
885 1663 1033 1726 narratur
1054 1661 1092 1725 ut
1111 1657 1204 1723 Paris
1228 1678 1319 1723 arma
1339 1656 1388 1722 in·

217 1768 329 1850 duerit,
350 1768 511 1853 κνημῖδας
529 1764 590 1850 μὲν
613 1771 727 1854 πρῶτα
749 1805 799 1847 -,
825 1761 975 1854 δεύτερον
997 1755 1041 1831 ud
1061 1759 1203 1852 θώρηκα
1224 1802 1266 1812 -

258 1880 319 1943 334
339 1867 428 1961 ἀμφὶ
450 1868 482 1940 δ’
507 1867 558 1962 ἀρ’
578 1865 721 1958 δόμοισιν
742 1869 865 1961 βάλοιο
886 1868 985 1965 ξίφος
1006 1864 1212 1960 ἀργυρόηλον

257 1988 317 2050 335
338 1973 494 2063 χάλκεον·
517 1976 622 2070 αύτὰρ
646 1978 763 2051 ἔπειτα
785 1977 889 2060 σάκος
909 1975 996 2067 μέγα
1016 2004 1052 2046 τε
1072 1973 1232 2066 στιβαρόν
1251 2003 1303 2045 τε·

340 2087 435 2179 κρατί
457 2085 489 2156 δ’
513 2085 565 2158 ἀπ’
590 2085 726 2183 ίφθίμιμ
748 2085 863 2176 κυνέην
884 2081 1038 2156 εύτυκτον
1058 2082 1180 2177 έθηκεν

134 2198 205 2267 (195)
339 2196 513 2285 ἵππουριν·
538 2197 648 2268 δεινὸν
669 2195 705 2265 δέ
728 2191 831 2290 λόφος
851 2190 1073 2283 καθύπερθεν
1093 2191 1213 2263 ένευεν·

339 2304 443 2373 είλετο
467 2300 499 2372 δ’
524 2299 667 2392 ἀλκιμσν
688 2302 791 2392 ἔγχος,
816 2300 836 2371 δ’
859 2299 891 2371 οἱ
911 2298 1113 2395 παλάμηφιν
1134 2298 1265 2392 ἀρήρει.
1355 2292 1360 2303 ’

215 2412 278 2479 Hie
299 2412 483 2483 Zenodotus
509 2439 619 2483 versus
641 2422 710 2485 334.
733 2423 752 2483 5
778 2418 816 2480 ut
835 2414 963 2500 spurios
983 2414 1151 2493 reiecerat,
1178 2417 1292 2480 contra
1313 2417 1386 2500 post

217 2512 332 2610 ἀρήρει
354 2528 506 2608 posuerat
527 2525 625 2590 huno:

298 2621 388 2720 ἀμφὶ
410 2624 441 2696 δ’
467 2623 517 2716 ἀρ’
540 2624 683 2714 σ’ίμοισιν
705 2620 816 2714 βάλετ’
841 2622 971 2694 ἀσπίδα
993 2623 1255 2708 θυσσανόεσσαν,

216 2737 254 2803 de
277 2760 341 2822 quo
368 2738 624 2807 diiudicatur
649 2732 759 2818 ,,ὡ’στε
783 2729 938 2814 ἐναντίως
962 2737 1010 2822 τῷ
1033 2729 1205 2831 Ὁμηρικῷ
1229 2729 1385 2823 ὁπλισμῷ

215 2839 312 2924 ἔχειν·
343 2844 409 2929 πρὸ
436 2850 494 2934 τής
514 2840 659 2924 ἀσπίδος
684 2842 745 2930 γὰρ
773 2836 959 2932 φανήσεται
980 2836 1224 2928 ἀναλαμβάνων
1244 2841 1306 2932 τήν
1326 2867 1385 2909 πε-

216 2951 438 3040 ρικεφαλαίαν
460 2952 518 3020 καί
537 2950 636 3043 ξίφος
655 2951 701 3041 μή
726 2948 842 3033 ἔχωνίί.
879 2953 1044 3020 Refutatio
1067 2950 1185 3020 Zenod.
1207 2955 1247 3016 A
1261 2957 1310 3035 32,
1331 2953 1385 3019 ubi

215 3059 441 3145 Agamemnon
456 3084 545 3127 arma
562 3063 680 3129 induit:
707 3057 773 3147 πρὸ
788 3064 849 3148 τής
866 3055 1134 3149 περικεφαλαίας
1155 3053 1386 3144 ἀναλαμβάνει

214 3164 274 3252 τήν
301 3159 432 3233 ἀσπίδα
457 3165 502 3247 ὡς
529 3163 569 3234 ἀν
596 3161 638 3235 δι’
664 3161 863 3255 ἀναφορέων
887 3163 1064 3254 χρωμένων
1088 3168 1162 3245 τοῖς
1182 3159 1337 3233 ἀσπίσιν·
1366 3158 1384 3232 δ

216 3270 254 3338 δέ
280 3267 470 3361 Ζηνόδοτος
498 3273 556 3342 ἐπὶ
586 3280 644 3343 τού
666 3268 885 3362 Ἀλεξάνδρου
911 3273 970 3344 τὸν
1002 3270 1171 3359 ὁπλισμὸν
1200 3270 1384 3364 ἀνήλλαχεν.

221 3382 248 3446 Ο
270 3388 345 3461 480,
378 3385 434 3451 ubi
454 3384 578 3452 Teucer
604 3386 704 3469 arma]
713 3384 824 3451 sumit:
855 3378 886 3471 (ή
912 3382 1030 3472 διπλή)
1056 3379 1110 3452 ότι
1137 3376 1300 3469 πρότερον
1326 3382 1384 3472 τήν

216 3481 347 3555 ἀσπίδα
362 3485 509 3581 εἴληφεν,
531 3482 602 3557 εἶτα
615 3490 675 3579 τήν
694 3485 977 3578 περικεφαλαίαν·
998 3485 1015 3556 ὁ
1032 3486 1070 3557 δέ
1083 3485 1273 3577 Ζηνόδοτος
1290 3486 1385 3579 ἐνήλ-

214 3596 312 3679 λαχεν
338 3595 396 3667 δπί
420 3601 479 3686 τῆς
501 3592 720 3686 Ἀλεξάνδρου
741 3592 959 3682 μονομαχίας.
1002 3603 1033 3662 Τ
1052 3604 1112 3668 380
1138 3601 1207 3683 (ubi
1228 3600 1384 3684 Achilles)

215 3701 268 3771 ότι
283 3699 460 3793 ἀναλαβὼν
474 3705 534 3794 τήν
557 3701 687 3775 ἀσπίδα
705 3704 790 3791 μετὰ
811 3709 914 3772 ταῦτα
936 3701 993 3771 ἐπὶ
1014 3709 1100 3771 πᾶσι
1119 3705 1180 3792 τήν
1200 3730 1385 3797 περικεφα-

152 3826 198 3878 195
217 3811 316 3880 λαίαν
329 3809 465 3903 τίθησιν
476 3817 528 3885 ¹¹2.
550 3817 601 3882 Ex
615 3816 800 3883 Zenodotea
813 3815 877 3882 loci
890 3814 977 3881 illius
995 3815 1206 3881 adornatione
1220 3819 1385 3901 praeterea

213 3921 304 3989 Paris
318 3924 388 3990 eine
409 3923 517 4012 gladio
536 3929 594 3991 est.
638 3924 702 3992 Sed
721 3927 754 3990 et
773 3923 892 4007 reliqui
912 3923 1056 4009 gladium
1079 3928 1219 4005 sumunt,
1240 3928 1274 3991 et
1293 3947 1385 4011 prae-

213 4034 301 4097 terea
322 4032 360 4098 de
383 4055 421 4098 eo
443 4032 602 4098 monitum
623 4033 664 4097 ad
686 4035 716 4095 Γ
729 4037 789 4100 339
809 4021 855 4108 δίς
878 4023 910 4095 δ’
934 4026 1043 4109 αύτως
1057 4027 1235 4108 Μενέλαος
1248 4024 1386 4119 Ἀρήίὀς

214 4131 290 4203 ἔντε’
308 4133 435 4206 έδυνενε
457 4136 508 4205 ὅτι
523 4127 619 4217 ούτος
633 4137 733 4227 ξίφος
745 4131 827 4218 ἔχει·
850 4131 880 4203 εί
902 4135 938 4203 δὲ
953 4131 1108 4216 ὡσαύτως
1121 4141 1167 4225 τῷ
1177 4131 1386 4227 Ἀλεξάνδρῳ

215 4284 422 4297 *ι*

280 4357 319 4400 ¹¹2
331 4354 458 4413 Eundem
470 4357 595 4418 ordinem
607 4358 637 4416 in
648 4359 783 4414 armanda
793 4356 968 4413 Penthesilea
979 4358 1105 4428 sequitur
1116 4357 1209 4424 Quint.
1222 4360 1278 4416 Sm.
1290 4362 1314 4415 Δ
1327 4364 1384 4415 142.
