3008 4980
305 344 329 392 5.
352 337 471 407 Reliqua
486 339 645 410 fragmenta
661 341 881 412 chorogiaphica
897 346 928 399 et
942 336 1139 415 geographica
1242 353 1303 416 229

580 508 860 593 LyciaTroica.
992 591 996 597 1
1321 517 1370 568 232

219 661 253 724 A
275 654 558 745 101Λυκηγενέϊε
587 653 641 724 ὅτι
666 653 736 725 ἀπὸ
763 663 824 747 τῆς
848 663 1001 749 Τρωϊκῆς
1025 656 1178 743 Λυκίας,
1208 660 1247 744 ἐξ
1265 651 1307 751 ἧς

137 765 226 834 ἔστιν
247 764 265 833 ὁ
287 762 477 849 Πάνδαρος.
515 770 545 831 Ε
559 775 617 836 105
636 762 831 854 Λυκίηθενε
850 765 904 835 ὅτι
924 774 985 858 τῆς
1001 772 1151 858 Τρωῖκῆς
1163 767 1306 848 Λυκίας.

140 884 198 946 173
220 870 254 963 (ἡ
277 875 396 961 διπλῆ)
415 871 468 940 ὅτι
485 873 546 961 τὴν
570 871 724 961 Τρωϊκὴν
744 870 880 941 Λυκίαν
900 874 999 962 λέγει.

670 1141 771 1228 Lydi

219 1280 254 1340 Κ
266 1282 325 1344 431
341 1268 374 1362 (ἡ
391 1273 507 1361 διπλῆ)
523 1266 729 1361 ὅτιὍμηρος
743 1266 803 1341 οὐκ
825 1264 897 1341 οἶδε
917 1271 1142 1360 καλουμένους
1153 1272 1302 1358 Λυδούς,

136 1378 226 1449 ἀλλὰ
241 1376 393 1473 Μῄονας.
425 1380 512 1466 πρὸς
531 1380 574 1447 τὰ
595 1380 672 1466 περὶ
692 1377 852 1461 Κιλικίας
873 1377 1082 1471 (alicuem
1102 1386 1305 1453 scribendum

137 1498 195 1571 est,
215 1516 244 1558 v.
259 1493 498 1558 emendationes
513 1491 710 1558 scholiorum
723 1495 799 1576 post
811 1492 1032 1559 Herodianum
1049 1518 1080 1579 p.
1097 1499 1172 1578 454)
1190 1489 1305 1560 Ἡσιό-

138 1599 198 1666 δου
213 1600 265 1682 (cf.
280 1600 312 1666 V
328 1601 369 1666 ad
382 1603 413 1663 Σ
423 1605 508 1684 291).
535 1599 670 1684 Saepius
691 1599 852 1664 monitum
868 1600 1028 1682 Straboni,
1051 1625 1077 1668 e.
1094 1624 1125 1688 g.
1141 1602 1218 1669 XIII
1233 1611 1303 1672 625.

653 1861 790 1953 Μέσση
1315 1888 1387 1956 (aas)

631 2267 812 2334 Oechalia

135 2399 222 2484 apud
241 2399 420 2465 Homerum
440 2402 517 2467 urbs
539 2400 733 2467 Thessaliae.
763 2403 793 2462 B
815 2406 883 2468 596.
907 2404 976 2467 736.

631 2668 808 2755 Phrygia.

217 2802 248 2863 B
262 2804 322 2868 862
344 2794 376 2885 (ἡ
398 2797 515 2886 διπλῆ)
536 2795 589 2866 ὅτι
610 2795 643 2867 οἱ
664 2792 817 2883 νεώτεροι
837 2794 895 2886 τὴν
920 2790 1044 2879 Τροίαν
1065 2793 1122 2862 καί
1138 2793 1200 2883 τὴν
1218 2802 1304 2881 Φρυ-

135 2901 211 2991 γίαν
230 2903 291 2992 τὴν
312 2899 412 2995 αὐτὴν
434 2903 585 2991 λέγουσιν
592 2955 602 2987 ,
631 2902 649 2972 ὁ
673 2905 710 2973 δὲ
725 2904 872 2996 Ὅμηρος
898 2898 957 2985 οὐχ
979 2900 1092 2981 οὕτως.
1133 2898 1304 2986 Αἰσχύλος

137 3011 173 3079 δὲ
199 3011 353 3094 συνέχεεν.
406 3016 582 3102 Hucusque
615 3020 695 3101 pulo
725 3014 901 3082 Anistonici
933 3011 1191 3080 observationem
1223 3037 1302 3081 esse.

136 3110 229 3188 οὗτοι
247 3119 284 3187 δὲ
296 3125 357 3211 τῆς
374 3127 498 3209 μικρᾶς
519 3118 584 3190 εἶσι
609 3117 767 3207 Φρυγίας·
790 3117 811 3210 ἡ
834 3118 871 3186 δὲ
890 3113 1016 3208 μεγάλη
1038 3117 1131 3207 παρὰ
1152 3124 1199 3208 τῷ
1212 3124 1301 3207 Σαγ.

134 3224 238 3316 γαρίῳ
260 3232 376 3309 κεῖται,
400 3227 484 3297 ὅθεν
505 3225 696 3311 callicles,
722 3221 760 3310 ὃς
779 3223 912 3319 μήτρως
933 3221 1137 3317 ἦνἝκτορος
1154 3223 1303 3296 ἱπποδά-

134 3360 215 3419 μοιο
237 3339 351 3423 (ABL).
394 3344 429 3403 K
448 3346 507 3409 431
531 3334 564 3428 (ἡ
590 3339 631 3425 ὅ.)
660 3336 712 3406 ὅτι
739 3334 869 3424 ἑτέρους
895 3341 960 3403 τῶν
990 3337 1111 3423 Τρώων
1133 3324 1204 3403 οἶδε
1225 3337 1302 3418 τοὺς

139 3439 279 3529 Φρύγας.
321 3450 360 3510 Π
378 3454 439 3517 719
468 3442 501 3533 (ἡ
531 3447 570 3532 ὁ.)
597 3444 650 3514 ὅτι
667 3443 816 3534 (Όμηρος
841 3441 954 3533 ἑτέραν
978 3445 1039 3533 τὴν
1070 3441 1215 3531 Φρυγίαν
1242 3449 1301 3534 τῆς

140 3549 261 3637 Τροίας
282 3544 379 3622 οἶδεν.
412 3558 443 3618 Σ
460 3562 519 3625 291
543 3551 575 3643 (ἡ
601 3555 715 3643 διπλῆ)
738 3551 791 3622 ὅτι
812 3550 906 3641 ἑτέρα
930 3548 950 3642 ἡ
979 3549 1108 3640 Φρυγία
1127 3553 1220 3641 παρὰ
1240 3552 1301 3643 τὴν

138 3655 269 3746 Τροίαν.
303 3663 334 3726 Ω
356 3671 415 3731 545
439 3658 471 3751 (ἡ
495 3662 537 3748 (l.)
566 3658 619 3729 ὅτι
646 3659 741 3747 ἑτέρα
763 3656 842 3728 καθ’
859 3657 1007 3752 Ὅμηρον
1029 3658 1050 3749 ἡ
1077 3658 1204 3748 Φρυγία
1226 3664 1302 3751 (τῆς

137 3764 261 3853 Τροίας
285 3771 355 3836 add.
380 3771 489 3839 Lehrs.
517 3796 566 3857 ap.
587 3772 822 3842 Friedlaendcr.
844 3796 874 3857 p.
896 3772 986 3854 348>·
1022 3764 1054 3835 οἳ
1083 3767 1119 3836 δὲ
1147 3766 1301 3857 νεώτεροι

133 3874 332 3962 συγχέουσιν.
369 3878 473 3947 Strab.
495 3879 571 3948 XIV
591 3905 622 3966 p.
639 3887 698 3949 665
722 3873 754 3946 ol
774 3877 914 3967 ποιηταὶ
933 3873 981 3958 δέ,
1003 3872 1149 3962 μάλιστα
1172 3875 1204 3946 οἱ
1224 3903 1301 3965 τρυ-

134 3981 233 4070 γικοί,
256 3981 444 4070 συγχέοντες
455 3984 497 4051 τὰ
514 3981 608 4075 ἔθνη,
634 3982 792 4073 καθάπερ
813 3985 892 4066 τοὺς
914 3990 1031 4070 Τρῶας
1052 3986 1109 4054 καί
1129 3986 1207 4067 τοὺς
1221 3991 1298 4053 Μυ-
1316 3996 1364 4048 233

133 4090 212 4170 σοὺς
231 4091 288 4158 καί
307 4091 384 4172 τοὺς
397 4093 535 4174 Λυδοὺς
552 4090 684 4180 Φρύγας
704 4090 1016 4180 προσαγορεύουσιν,
1041 4093 1125 4162 οὕτω
1146 4093 1204 4161 καί
1223 4093 1301 4172 τοὺς

136 4196 287 4279 Λυκίους
311 4204 432 4289 Κᾶρας.
467 4205 513 4271 Of.
535 4203 610 4290 <XII
631 4203 708 4289 573>
729 4203 805 4271 XIV
827 4211 896 4272 675.

605 4327 834 4336 -—----—

200 4407 257 4450 1421>
275 4406 348 4479 <Hoc
365 4409 407 4463 cet
422 4404 454 4460 in
471 4403 588 4476 codice>
