3008 4980
219 317 277 379 120
298 308 335 363 II.
365 309 406 363 De
423 308 601 364 Aristarchea
618 308 816 364 vocabulorum
833 308 1042 365 Homericorum
1058 308 1300 380 interpretatione.

216 477 297 546 libro
321 480 428 542 erutos
451 499 716 544 commemorasse
739 479 835 542 etiam
857 478 932 543 illos
953 470 1088 555 πόπους
1108 477 1287 563 Scythicos.
1323 479 1390 547 Sed

217 587 257 651 ad
282 589 449 650 accentum
475 574 691 650 inciudant
717 585 940 670 explicandum
965 608 1031 650 non
1053 590 1255 671 apposuerat.
1293 586 1389 666 Quod

217 693 313 758 etiam
340 697 471 758 externo
499 692 603 758 adhuc
632 693 726 777 signo
748 693 870 778 patefit.
916 692 1052 758 Prorsus
1076 693 1161 758 enim
1182 694 1389 762 incommode

216 803 248 864 et
273 801 441 883 inopinato
469 799 525 865 illa
551 801 649 865 verba
670 792 804 863 Σκύθαι
827 795 887 883 γὰρ
910 837 950 846 -
971 800 1108 882 intrant,
1127 805 1303 886 postquam
1323 803 1389 869 iam

215 911 311 972 antea
336 907 456 971 dictum
488 911 556 972 erat
588 907 691 972 simile
718 907 822 972 visum
848 911 886 972 ut
912 895 939 970 oi
967 899 1079 995 φίλοι,
1111 907 1173 973 hoc
1205 915 1255 975 est
1283 911 1389 977 simile

215 1015 318 1080 visum
348 1018 503 1099 tanquam
531 1019 616 1081 esset
646 1038 684 1080 ex
715 1038 803 1080 more
830 1004 857 1078 d
884 1037 957 1080 oum
983 1015 1123 1081 nomine.
1169 1015 1388 1084 Tentaverant

215 1123 324 1208 igitur,
346 1126 379 1187 et
392 1122 426 1186 id
441 1122 572 1205 quidem
589 1146 692 1210 genus
714 1123 936 1189 abnormitatis
958 1126 1148 1189 accentuum
1169 1125 1386 1209 expediendae

215 1230 454 1294 Herodianeum
475 1233 507 1295 et
529 1231 710 1316 antiquum,
739 1231 786 1295 ita
807 1220 835 1293 τό
856 1222 966 1295 πόποι
989 1230 1146 1315 explicare
1167 1236 1206 1296 ut
1227 1237 1313 1298 essct
1334 1256 1386 1300 ao-

216 1340 328 1402 centus
351 1332 597 1422 διεψευσμένος.
638 1337 687 1402 De
709 1361 773 1422 quo
795 1341 832 1402 ut
854 1339 893 1403 de
914 1338 1099 1404 accentibus
1120 1336 1387 1425 κατηναγκασμέ-

215 1465 286 1519 νοις
316 1444 356 1508 ad
388 1444 592 1529 explicandos
625 1446 737 1511 titulos
767 1445 935 1531 Apollonii
960 1445 1092 1530 Dyscoli
1121 1445 1279 1513 librorum
1310 1445 1387 1532 περὶ

215 1547 462 1639 διεψευσμένον
487 1546 590 1616 τόνων
616 1556 649 1617 et
675 1548 753 1632 περὶ
781 1547 1098 1638 κατηναγκασμένον
1124 1545 1230 1620 τόνων
1256 1555 1322 1621 dixi
1352 1557 1386 1622 in

214 1658 328 1724 Museo
351 1658 507 1724 Rhenano
531 1658 584 1741 (N.
606 1659 642 1727 F.
663 1658 695 1724 H
714 1683 744 1745 p.
768 1663 850 1743 343).

298 1766 447 1832 Ceterum
465 1767 547 1833 illud
569 1763 606 1831 ἐκ
627 1769 687 1832 τοῦ
706 1762 899 1849 ὑπολαβεῖν,
925 1770 1011 1854 quod
1031 1772 1080 1835 est
1102 1771 1188 1855 apud
1206 1770 1385 1856 Theogno-

216 1880 309 1954 stum,
329 1874 440 1939 licebit
454 1875 672 1958 significanter
686 1866 806 1941 dictum
819 1879 942 1960 putare,
964 1871 1001 1942 ἐκ
1014 1879 1073 1942 τοῦ
1093 1868 1266 1964 όπόληψιν
1286 1869 1383 1958 εἶναι,

215 1983 236 2048 i.
259 2005 286 2049 e.
307 1985 521 2066 praesumtum
544 1983 737 2068 opinionem,
760 1978 943 2071 πρόληψιν.

679 2189 912 2196 ..-—.————

727 2397 872 2466 Μέλλει

216 2579 241 2618 ο.
269 2556 353 2636 infin.
382 2578 542 2639 nunquam
566 2555 823 2642 scymflcctcbnem
848 2555 995 2640 tempora
1018 2555 1111 2641 opud
1130 2572 1258 2642 poetam
1284 2557 1386 2625 tabet.

298 2724 332 2784 Κ
345 2727 406 2789 326
423 2714 532 2807 τόφρα
547 2718 609 2805 μὰρ
625 2717 659 2797 ἐς
680 2717 818 2805 στρατὸν
838 2709 909 2802 εἶμι
930 2717 1125 2807 διαμπερές,
1150 2714 1225 2809 όφρ’
1243 2715 1283 2786 ἰόν
1305 2722 1387 2789 ἵκοι-

216 2852 280 2910 μαι
294 2821 346 2914 νῆ’
360 2821 633 2916 Ἀγαμεμνονέην,
655 2825 720 2894 ὅθι
733 2852 799 2895 που
818 2824 997 2911 μέλλουσιν
1011 2821 1143 2914 όριστοι
1160 2829 1287 2913 βουλὰς
1307 2835 1387 2915 βου-

217 2929 339 3001 λεόεινε
372 2932 573 3019 (μέλλουσιν)
602 2931 675 3002 ἀντὶ
695 2939 754 3001 τοῦ
776 2931 921 3002 ἐοίκασι·
950 2932 1008 3001 καὶ
1029 2932 1132 3013 οὕτως
1155 2931 1208 3003 ἀεὶ
1231 2935 1389 3027 κέχρηται

216 3046 256 3133 τῇ
282 3040 379 3124 λέξει.
424 3047 463 3108 Λ
485 3051 544 3114 817
573 3035 618 3122 ὣς
645 3038 694 3130 ἄρ’
719 3040 873 3126 ἐμέλλετε
898 3045 978 3131 τῆλε
1006 3039 1114 3134 φίλων
1141 3043 1199 3111 καὶ
1222 3041 1388 3135 πατρίδος

153 3162 197 3214 121
218 3145 294 3236 αἴης
313 3144 406 3216 diceto
428 3148 462 3216 έν
487 3149 589 3240 Τροίῃ
615 3149 734 3233 ταχέας
754 3145 868 3227 κόναςε
894 3147 924 3238 (ἡ
951 3151 1068 3240 διπλῆ)
1090 3148 1144 3220 ότι
1165 3146 1238 3220 ἀντὶ
1258 3158 1319 3222 τοῦ
1341 3151 1387 3235 ὠς

216 3253 305 3336 εἰκὸς
318 3251 369 3347 ἦν,
393 3255 439 3337 ὦς
460 3252 680 3345 όποκείμενον
701 3252 780 3348 cdv63
801 3255 879 3344 ὑμῖν
898 3259 936 3326 τὸ
959 3263 1094 3328 παθεῖν.
1127 3266 1167 3327 Π
1181 3270 1221 3332 46
1236 3253 1282 3341 dg
1295 3259 1386 3352 φάτο

216 3361 410 3449 λισσόμενος
434 3364 520 3454 μέγα
543 3363 675 3454 νήπιος·
705 3359 729 3456 η’
749 3366 811 3451 γὰρ
840 3363 975 3450 έμελλεν
1004 3359 1040 3434 οἷ
1060 3363 1150 3456 αὐτῷ
1176 3368 1325 3440 θάνατόν
1350 3396 1387 3440 τε

135 3471 389 3545 (125)κακὸνκαὶ
409 3478 495 3562 κῆρα
517 3473 691 3542 λιτέσθαιε
712 3471 744 3563 (ἦ
761 3472 878 3562 διπλῆ)
901 3471 953 3542 ὅτι
974 3474 1032 3542 καὶ
1052 3481 1108 3541 νῦν
1128 3476 1165 3544 τὸ
1188 3473 1306 3562 ἔμελλε
1326 3501 1387 3547 σα-

216 3584 289 3667 φῶς
304 3576 364 3647 οὐκ
378 3579 436 3649 ε’πὶ
448 3577 580 3669 χρόνου·
602 3577 640 3650 οὗ
663 3581 724 3669 γὰρ
745 3579 863 3667 έμελλε
885 3579 1097 3666 λιτανεόσειν,
1122 3580 1195 3650 ἀλλ’
1219 3581 1387 3653 έλιτόνεο-

216 3712 281 3754 σεν.
311 3683 380 3755 ἔστι
403 3687 439 3755 δέ
462 3685 535 3757 ἀντὶ
554 3695 614 3757 τοῦ
630 3685 738 3779 ἐῴκει.
768 3694 905 3778 Reliqua
919 3695 1094 3761 Aristonici
1109 3697 1296 3763 testimonia
1309 3703 1387 3764 sunt

215 3800 254 3863 A
275 3805 344 3866 564.
371 3802 401 3862 Β
423 3804 472 3868 36.
497 3808 565 3870 116.
587 3804 626 3865 Λ
647 3809 696 3870 54.
728 3804 772 3864 Μ
790 3807 838 3869 34.
868 3807 903 3865 Ν
921 3809 992 3871 226.
1015 3811 1082 3870 777.
1109 3800 1143 3872 Ξ
1163 3810 1230 3871 125.
1263 3805 1383 3874 0601.

221 3911 251 3970 Φ
273 3913 322 3977 83.
352 3912 389 3969 Χ
407 3913 476 3976 356.
512 3911 545 3972 Ψ
564 3917 634 3977 544.
669 3910 700 3973 Ω
722 3917 770 3979 46.
796 3916 835 3978 85
864 3911 931 3995 (qui
958 3915 1066 3976 tamen
1092 3911 1182 3978 locus
1208 3912 1384 3980 misenime

217 4018 384 4099 corruptus
403 4019 471 4097 est).
507 4017 559 4081 Ad
577 4018 853 4102 interpretandum
875 4019 995 4103 ubique
1019 4019 1151 4085 adhibet
1171 4013 1272 4097 έοικε,
1297 4022 1386 4105 quod

216 4125 249 4189 id
264 4122 436 4208 significari
453 4124 531 4203 vult,
554 4126 641 4207 quod
654 4126 705 4191 vel
719 4126 787 4191 fato
809 4125 860 4192 vel
880 4148 988 4191 rerum
1010 4128 1193 4194 conditione
1214 4128 1284 4194 fieri
1306 4150 1385 4194 con-

283 4291 308 4333 63
324 4288 396 4344 Hinc
418 4288 536 4344 emenda
553 4289 687 4345 Zonaram
703 4308 731 4361 p.
751 4297 798 4348 707
818 4285 937 4360 ἔμελλεν
954 4289 1106 4362 ἐφαίνετο,
1125 4285 1277 4360 ἀπέκειτο,
1296 4283 1385 4368 ἐῴκει

218 4366 285 4445 παρ’
300 4363 417 4447 Ὁμήρῳ.
434 4374 463 4432 L.
480 4371 625 4431 ὑπέκειτο.
