3008 4980
269 311 294 366 4.
321 304 362 366 De
379 304 577 381 grammaticis,
597 306 646 380 qui
664 305 830 366 ἐνστατικοί
847 270 881 365 et
892 305 1006 366 λυτικοί
1022 307 1090 364 dicti
1107 311 1179 366 sunt.
1242 317 1303 381 209

135 476 315 543 Prudenter
334 477 502 545 Isocrates:
533 479 602 544 iure
623 478 824 563 insipientes,
854 477 910 562 qui
930 477 1024 542 aliter
1045 482 1193 564 agerent,
1219 478 1266 541 vit
1290 513 1305 526 ·

135 586 247 670 perat'.
300 585 350 651 De
383 586 539 651 eiusmodi
571 585 795 669 intempestive
830 584 925 658 docto
959 584 1080 651 Gellius
1111 583 1127 649 I
1156 590 1175 650 2
1209 585 1305 664 ,Erat

135 692 256 757 ibidem
276 692 445 758 nobiscum
471 692 567 758 simul
589 693 772 758 adolescens
793 691 1018 776 philosophiae
1039 694 1188 768 sectator,
1211 693 1306 757 disci·

136 799 253 883 plinae,
266 803 304 864 ut
313 800 382 883 ipse
399 800 533 880 dicebat,
547 800 683 879 Stoicae,
698 800 755 864 sed
768 798 935 883 loquacior
949 798 1113 883 impendio
1129 803 1162 864 et
1175 821 1306 884 promp-

136 907 208 973 tior.
257 905 289 972 Is
318 891 509 992 plerumque
539 910 573 972 ab
604 909 739 972 conmbcb
772 908 976 983 sermonibus,
1008 908 1066 991 φατ’
1090 919 1166 990 post
1195 908 1307 992 epulas

136 1013 248 1080 tabae·
263 1015 374 1099 οοίοαί,
401 1015 503 1080 multa
529 1018 626 1098 atque
652 1014 824 1079 immodica
846 1014 885 1078 de
906 1011 1130 1098 philosophiae
1153 1014 1306 1079 doctrinis

137 1121 360 1206 intempestive
381 1126 478 1206 atque
499 1121 647 1187 insubide
670 1120 863 1185 disserebat‘
890 1124 923 1185 et
947 1119 1086 1204 reliqua,
1113 1142 1194 1204 quae
1221 1123 1307 1206 apud

136 1229 243 1314 ipsum
265 1228 403 1294 Gellium
423 1230 590 1315 legantur,
617 1228 737 1308 vivide,
757 1232 794 1292 ut
815 1227 912 1307 solet,
933 1231 966 1292 et
987 1226 1092 1312 lepide
1114 1227 1306 1295 referentem

137 1336 187 1419 (cf.
209 1335 270 1400 XV
291 1337 333 1419 2).
353 1373 393 1384 —
416 1335 462 1402 cf.
482 1336 586 1420 Epict.
607 1334 623 1400 I
645 1341 693 1413 26,
715 1342 742 1402 9.
780 1334 882 1414 1119,
906 1341 935 1403 8.

220 1442 266 1507 Ac
294 1465 390 1527 quam
416 1442 598 1528 frequentia
624 1465 684 1527 per
715 1443 823 1509 omnia
851 1442 977 1508 saecula
1003 1441 1201 1508 eruditorum
1229 1465 1306 1508 con·

138 1550 222 1614 vivia
235 1549 363 1628 fuerint,
384 1571 451 1614 non
467 1571 505 1614 ex
526 1553 637 1616 nostra
658 1550 889 1616 consuetudine
912 1549 1151 1615 diiudicandum
1173 1553 1229 1629 est,
1251 1551 1307 1616 sed

139 1657 340 1741 exipsorum
359 1679 419 1721 usu
441 1679 478 1722 ac
498 1658 642 1723 moribus
664 1657 928 1742 pernoscendum.
963 1655 1049 1721 Nam
1069 1659 1101 1721 et
1121 1655 1308 1742 philosophi

139 1769 307 1829 auctorum
328 1764 514 1849 disciplinae
542 1788 617 1831 suae
644 1765 768 1830 natales
790 1764 1006 1829 anniversaria
1028 1763 1195 1849 epularum
1215 1765 1306 1829 festi·
1324 1774 1372 1825 212

139 1872 238 1937 vitate
259 1872 489 1951 instaurabant,
512 1874 599 1957 quod
619 1872 770 1958 Epicurei
792 1895 831 1938 ex
845 1872 976 1956 Epicuri
995 1875 1189 1937 testamento
1210 1871 1308 1938 facie·
1356 1888 1358 1892 ’

139 1980 220 2045 bant
240 1979 317 2062 (cic.
336 1980 389 2046 fin.
409 1979 441 2045 Π
463 1985 510 2047 31.
546 1981 641 2065 Diog.
664 1979 718 2047 La.
740 1980 770 2045 X
793 1983 856 2064 18),
878 1979 933 2044 alii
956 1983 1083 2063 sponte,
1109 1982 1146 2044 ut
1167 1979 1308 2046 Socratis

140 2090 173 2152 et
198 2086 343 2152 Platonis
376 2089 563 2154 memoriam
595 2088 751 2171 quosdam
785 2087 923 2154 coluisse
953 2086 1091 2172 legimus
1127 2086 1224 2166 (Plut.
1257 2110 1308 2171 qu.

140 2216 240 2278 symp.
261 2192 340 2259 Vffl
364 2202 389 2261 1.
411 2193 528 2260 Euseb.
550 2218 656 2281 praep.
679 2218 725 2263 ev.
746 2195 776 2260 X
797 2200 830 2273 3,
856 2194 895 2262 cf.
917 2194 1089 2260 Ruhnken.
1111 2196 1149 2260 de
1170 2194 1308 2281 Longin.

139 2303 158 2386 ἓ
174 2305 205 2383 8)
228 2305 260 2366 et
274 2302 417 2368 eiusdem
432 2302 560 2368 scholae
576 2306 750 2368 sectatores
765 2307 943 2368 conventus
963 2301 1138 2388 epulasque
1160 2303 1309 2388 agebant,

139 2413 177 2474 ut
198 2409 335 2495 singulis
356 2410 520 2474 mensibus
542 2409 694 2495 Epicurei
715 2410 792 2492 (Cic.
812 2410 910 2497 Diog.
928 2409 960 2475 Π
978 2414 1036 2492 11),
1058 2410 1112 2475 alii
1134 2407 1309 2492 (AthenV

139 2541 170 2602 p.
197 2524 282 2586 11162Ι
303 2517 333 2582 X
352 2540 383 2601 p.
405 2524 466 2585 419
474 2515 518 2600 d),
545 2518 740 2601 iuvenesque
770 2518 907 2583 studiosi
934 2518 1114 2584 litterarum
1134 2521 1205 2583 tum
1225 2519 1310 2583 inter

140 2647 208 2691 sese
233 2625 325 2708 (stell.
352 2623 459 2690 XVlIl
485 2631 514 2692 2.
547 2624 607 2689 XV
633 2629 664 2708 2)
694 2629 763 2689 tum
793 2625 879 2709 apud
905 2627 1090 2711 magistros,
1125 2622 1206 2709 quos
1237 2648 1308 2691 cum

139 2732 276 2797 maxime
299 2732 503 2797 sectabantur
524 2732 616 2815 (dell.
636 2731 683 2798 VI
700 2738 746 2799 13.
768 2734 806 2797 cf.
827 2731 858 2797 H
877 2739 926 2799 22.
948 2731 996 2796 HI
1014 2739 1059 2800 19.
1081 2731 1155 2797 XIX
1169 2736 1210 2815 9),
1233 2756 1309 2818 epu·

139 2840 201 2904 lari
222 2839 382 2915 solebant3
409 2843 441 2904 et
461 2840 488 2904 si
509 2839 675 2905 Musarum
696 2861 786 2904 sacra
806 2839 932 2918 fierent,
959 2840 1046 2923 quod
1069 2862 1095 2906 e.
1117 2861 1149 2925 g.
1172 2839 1310 2905 Athenis

141 2947 272 3013 solenne
296 2946 395 3011 fuisse
422 2969 461 3011 ex
481 2946 648 3011 Plutarchi
675 2947 949 3032 symposiaoorum
975 2946 1059 3012 libro
1082 2947 1197 3011 ultimo
1219 2950 1310 3011 tene-

140 3076 225 3132 mus,
251 3039 369 3119 eadem'
386 3053 557 3132 festivitas;
594 3055 732 3138 denique
756 3075 862 3139 reges,
894 3058 1058 3137 praetores
1085 3053 1184 3135 (Plut.
1212 3076 1311 3139 symp.

141 3161 186 3226 lX
199 3162 265 3244 in),
286 3162 413 3245 patroni
432 3161 519 3226 haud
538 3183 610 3226 raro
633 3161 673 3225 ad
695 3161 839 3226 convivia
857 3160 1017 3226 litteratos
1039 3148 1173 3226 clientes
1193 3161 1309 3225 invita-
1322 3165 1392 3237 (216)

142 3269 281 3333 hanun.
321 3268 368 3335 tf.
389 3268 601 3335 Esohenbach
628 3268 666 3332 de
693 3291 831 3355 sympos.
849 3269 987 3353 sapient.
1010 3272 1029 3350 ξ
1049 3268 1079 3333 X
1100 3290 1169 3352 sqq.
1193 3267 1310 3334 Graves

211 3513 248 3554 129
264 3510 410 3567 Potissima
427 3510 560 3568 recensui.
589 3511 655 3566 Non
673 3511 774 3566 desunt
796 3510 859 3566 alia.
889 3509 1311 3580 Diog.La.11133deMene-

142 3593 479 3664 denominatarum
510 3587 548 3667 ἤν
566 3595 599 3652 dt
621 3598 671 3651 καί
692 3589 890 3665 φιλυπόδοχος
911 3597 960 3650 καί
983 3589 1032 3650 διὰ
1053 3588 1089 3650 τὸ
1111 3597 1241 3659 νοσῶδες
1262 3609 1314 3666 τῆς

140 3680 286 3750 Ἐρετρίας
302 3682 394 3736 πλείω
413 3682 549 3750 συνάγων
566 3673 727 3747 συμπόσια.
752 3677 784 3734 ἒν
802 3669 847 3742 οῖς
863 3680 913 3734 καί
930 3683 1088 3747 μουσικῶν.
1117 3678 1150 3734 V.
1167 3679 1223 3734 alia
1239 3680 1312 3735 Plut.

142 3781 230 3834 symp.
249 3764 263 3817 I
283 3769 313 3818 10
330 3765 368 3820 in.
385 3765 440 3820 Π4
458 3763 495 3820 in.
514 3764 566 3821 Va
585 3764 621 3819 in.
640 3763 666 3817 V
683 3769 698 3818 3
716 3761 754 3817 in.
771 3762 824 3819 Vt
842 3761 879 3818 in.
908 3763 981 3819 Hinc
998 3762 1079 3818 fluxit
1096 3763 1236 3834 persuasio
1254 3782 1312 3834 sep·

142 3851 200 3902 tem
217 3847 358 3919 sapientes
375 3866 433 3903 non
452 3847 610 3904 convenisse
627 3849 750 3913 tantum,
770 3849 818 3903 sed
836 3848 1017 3904 convivantes
1037 3848 1229 3904 confabulatos
1247 3866 1312 3904 esse.

142 3932 216 3988 Plut.
234 3932 288 3988 Sol.
307 3951 329 3988 c.
348 3941 376 3998 63
395 3936 424 3988 et
441 3940 469 3988 4:
488 3932 629 4002 γενέσθαι
647 3932 680 3988 δὲ
698 3935 748 3988 καί
764 3925 827 4000 μετ’
845 3925 976 3998 ἀλλήλων
994 3926 1026 3987 dv
1043 3950 1076 3987 τε
1095 3934 1220 4002 Δελφοῖς
1239 3932 1315 3999 ὁμοῦ

143 4017 287 4087 λέγονται,
305 4020 355 4072 καί
367 4019 453 4072 πάλιν
465 4012 498 4072 ἐν
509 4018 658 4092 Κορίνθῳ,
677 4017 861 4088 Περιάνδρου
874 4008 1017 4085 σύλλογόν
1027 4034 1092 4071 τινα
1104 4011 1206 4072 κοινὸν
1218 4014 1313 4071 αὐτῶν

142 4103 193 4157 καί
204 4094 368 4170 συμπόσιον
379 4096 664 4165 κατασκευάσαντος.
693 4099 744 4171 (Of.
757 4100 823 4158 Ath.
835 4105 884 4156 463
891 4103 923 4167 ⁰.)
951 4099 1027 4156 Suid.
1045 4093 1206 4170 ἐκκέκοφθ’
1217 4092 1313 4170 ἤμου-

144 4178 220 4256 σικὴε
239 4188 329 4256 φασίν
341 4179 458 4240 ὅτιτῶν
470 4188 603 4240 παλαιῶν
619 4183 651 4242 ἐν
664 4192 728 4250 τοῖς
745 4187 920 4252 συμποσίοις
937 4178 1087 4259 φιλολόγῳ
1107 4187 1223 4255 ζητήσει
1238 4202 1314 4253 χρω-

143 4260 241 4338 μένων
251 4268 280 4326 σί
288 4263 413 4342 ὕστερον
423 4266 476 4333 τὰς
484 4267 688 4340 μουσουργοὺς
695 4271 745 4325 κοί
758 4266 964 4340 κιθαριστρίας
973 4271 1023 4324 καί
1034 4262 1207 4339 ὄρχηστρίας
1218 4266 1313 4323 dueto-

144 4358 266 4424 ήγαγον·
287 4342 359 4410 ὅθεν
374 4357 428 4423 τὴν
443 4355 634 4421 καινοτομίαν
650 4352 728 4419 τινὲς
743 4353 915 4422 αἰτιώμενοι
929 4357 966 4423 τῇ
980 4349 1124 4424 παροιμίᾳ
1141 4348 1279 4423 ἐχρῶντο.

195 4439 302 4494 Lchrs,
315 4439 448 4482 Aristoma.
1075 4441 1107 4492 14
