3008 4980
221 318 282 379 224
403 310 454 363 III.
476 306 519 362 De
535 304 689 363 Aristarchi
706 304 828 362 seientia
842 303 1021 376 antiquitatis
1031 292 1210 363 Homericae.

222 473 278 540 καὶ
297 467 486 557 άστερίσκοι
506 469 729 558 παράκεινται
748 467 802 538 ὅτι
821 521 829 536 .
845 526 853 538 .
869 521 877 536 .
893 524 901 539 .
919 467 1082 553 ὕστερον
1109 467 1148 535 δὲ
1168 467 1208 536 ἐν
1225 473 1300 548 τοῖς
1319 468 1389 551 περὶ

220 586 278 646 τοῑ·
300 575 515 663 ναυστάθμου
530 575 758 662 ἀπολογεῖται.
790 579 886 644 iilam
902 580 1156 665 disputationem
1168 579 1321 644 videmus
1335 579 1389 645 dici

221 694 256 754 et
278 686 318 753 τὸ
340 690 391 755 vel
421 687 463 753 τὰ
491 712 527 755 π.
548 711 576 754 τ.
604 711 630 748 ν.
658 691 692 753 et
719 686 891 771 aliquoties
920 682 959 749 τὸ
986 683 1066 769 περὶ
1087 689 1148 752 τοῦ
1174 678 1389 767 ναυστάθμου

156 804 204 853 227
223 790 425 879 διάγραμμα.
461 795 556 873 Quod
580 799 689 859 autem
708 793 830 879 legitur
850 792 885 856 in
906 792 959 858 Et
975 793 1019 858 M.
1041 816 1073 879 p.
1096 801 1167 872 540,
1188 800 1233 863 56
1254 780 1389 876 περὶὧν

220 899 255 967 ἕν
282 906 355 979 ταῖς
383 899 460 984 περὶ
488 898 703 982 ναυστάθμου
730 895 898 978 διαλέξεσι
928 905 1115 985 corruptum
1150 904 1211 967 est
1263 900 1389 967 Etenim

219 1012 420 1095 transcripsit
448 1010 501 1075 hio
530 1014 642 1074 auctor
667 1007 766 1073 verba
790 1005 963 1072 Nicanoris
993 1009 1035 1073 ad
1060 1011 1106 1070 M
1129 1014 1206 1089 258,
1232 1009 1293 1075 ubi
1317 1009 1390 1074 haec

219 1118 316 1183 verba
335 1119 382 1182 ita
402 1117 568 1202 leguntur:
595 1112 673 1195 περὶ
697 1103 744 1178 ὧν
768 1110 804 1178 ἐν
823 1110 992 1198 τοῖςπερὶ
1012 1107 1233 1197 ναυστάθμου
1255 1112 1389 1199 λέγεται.

220 1225 344 1303 Quibus
369 1225 484 1290 iisdem
508 1225 626 1289 iterum
646 1221 791 1286 Nicanor
814 1221 919 1287 utitur
937 1224 968 1284 Σ
985 1227 1039 1300 68,
1061 1222 1120 1287 ubi
1140 1224 1284 1289 eundem
1304 1222 1389 1289 libel·

217 1332 286 1396 lum
307 1335 545 1397 commemorat.
586 1330 676 1416 Ergo
707 1332 820 1394 auctor
844 1328 953 1414 Etym.
973 1330 1103 1414 scripsit
1129 1325 1326 1414 διαλέγεται
1344 1329 1390 1395 vel

219 1434 367 1516 διέξεισι.
408 1437 492 1503 Illud
518 1459 593 1502 vero
622 1428 817 1520 διάγραμμα
846 1458 886 1501 eo
915 1436 1005 1503 ducit
1024 1439 1063 1502 ut
1089 1440 1205 1522 putem
1231 1460 1389 1504 commen·

219 1546 301 1611 tario
324 1544 466 1610 additam
486 1545 586 1609 fuisse
607 1541 761 1608 tabulam

219 2043 304 2127 apud
330 2043 524 2127 posteriores
548 2045 662 2126 poetas
682 2041 928 2126 Peloponnesus
956 2043 1083 2121 dicitur,
1105 2043 1193 2128 apud
1213 2043 1387 2111 Homerum

220 2144 305 2235 ἀπίη
327 2144 404 2233 γαίη
427 2154 477 2216 est
497 2153 621 2214 remota
641 2153 736 2214 terra.
778 2152 817 2213 A
837 2155 907 2217 270.
935 2153 967 2213 Γ
985 2157 1033 2218 49.
1061 2150 1101 2216 V.
1125 2173 1151 2217 s.
1166 2142 1302 2237 Ἄργος.

636 2474 787 2566 Ἄργος.
825 2475 971 2559 Ἑλλάς.

291 2625 441 2716 Ἄργος,
472 2634 504 2696 Δ
521 2640 576 2700 171
597 2625 631 2717 (ἡ
649 2630 767 2719 διπλῆ)
790 2627 843 2697 δτι
851 2627 976 2718 ’Ἀργος
987 2630 1049 2719 τὴν
1061 2630 1333 2720 Πελοπόννησον,
1349 2626 1383 2698 οὗ

135 2759 206 2825 (233)
218 2763 278 2826 την
298 2733 401 2804 πόλιν
422 2735 520 2823 λέγει.
549 2744 581 2801 Ζ
595 2745 653 2807 152
664 2732 789 2823 ’Ἀργος
803 2736 840 2804 δὲ
853 2732 1043 2822 ἱππόβοτον
1055 2738 1117 2826 τὴν
1129 2736 1385 2828 Πελοπόννησον

218 2846 322 2925 καλεῖ,
338 2844 398 2933 τὴν
413 2843 450 2910 δὲ
467 2841 650 2912 Θετταλίαν
662 2840 786 2931 ’Ἀργος
799 2842 1020 2931 Πελασγικόν.
1044 2850 1066 2911 Ι
1077 2856 1134 2917 141
1151 2844 1184 2935 (ἦ
1203 2848 1324 2936 διπλη)
1338 2844 1385 2916 ὅτι

217 2953 277 3042 τὴν
290 2949 550 3041 Πελοπόννησον
563 2947 869 3039 ἈχαιικὸνἍργος
887 2950 976 3038 λέγει
989 2951 1046 3019 καὶ
1060 2947 1182 3040 Ἴασον,
1200 2950 1259 3035 „oi
1272 2952 1392 3033 πάντες·

217 3082 255 3127 σε
275 3056 382 3127 ἴδοιεν
404 3055 453 3125 ἀν’
469 3056 583 3127 Ἴασον
594 3055 743 3148 ’Ἀργος“
765 3065 798 3145 (o
811 3064 896 3145 246),
914 3059 1127 3146 Πελασγικὸν
1142 3059 1180 3127 δὲ
1192 3056 1384 3150 ’Άργοςτὴν

222 3164 417 3235 Θεσσαλίαν.
464 3175 496 3232 Τ
521 3177 577 3237 115
605 3164 642 3254 (ἡ
668 3168 791 3256 διπλῆ)
820 3166 874 3234 ὅτι
902 3167 964 3255 τὴν
988 3164 1250 3257 Πελοπόννησον
1268 3166 1384 3258 ’Ἄργος

216 3270 372 3357 Ἀχαϊκὸν
393 3273 493 3361 λέγει,
516 3274 576 3363 τὴν
601 3272 788 3341 Θεσσαλίαν
808 3274 870 3362 (δε)
882 3269 1006 3364 >Ἀργος
1024 3273 1247 3361 Πελασγικόν.

300 3389 321 3449 Ι
339 3392 400 3454 246
412 3377 553 3469 ’Ἀργεος
573 3376 796 3467 ίπποβότοιοτ
816 3380 1030 3471 σημειοῦνταί
1048 3408 1135 3464 τινες
1155 3381 1210 3452 ὅτι
1227 3386 1291 3475 τὴν
1311 3383 1383 3473 ὅλην

218 3486 537 3578 Πελοπόννησον1400
562 3486 622 3557 οὐκ
644 3481 733 3557 οἶδεν
754 3483 773 3558 δ
789 3488 941 3580 ποιητής,
954 3488 1112 3570 Ἡσίοδος
1128 3491 1177 3562 δέ.
1204 3497 1244 3560 Α
1257 3502 1318 3564 270
1330 3517 1382 3579 τη·

217 3591 322 3663 λάθεν
343 3594 381 3679 ἐξ
400 3592 518 3687 άπίηςτ
539 3596 593 3669 ὅτι
612 3593 839 3686 παραλληλως
858 3596 1005 3686 τηλόθεν
1019 3598 1056 3681 ἐξ
1068 3595 1184 3689 ἀπίης·
1208 3596 1241 3669 οἱ
1257 3599 1295 3667 δὲ
1308 3595 1382 3666 νεοί-

216 3726 307 3790 τεροι
328 3701 515 3787 ἐξεδέξαντο
536 3707 597 3795 την
617 3704 884 3794 Πελοπόννησον.
915 3713 945 3771 Γ
963 3718 1003 3779 49
1025 3704 1057 3797 (η
1076 3709 1195 3798 διπλῆ)
1214 3705 1269 3775 ὅτι
1282 3702 1382 3776 άπίον

217 3809 276 3898 την
304 3811 391 3878 πολὺ
425 3807 641 3903 ἀφεστῶσαν,
675 3809 733 3897 οὐχ
765 3811 811 3893 ὡς
840 3811 873 3880 oi
899 3812 1053 3902 νεώτεροι
1082 3816 1144 3905 την
1168 3815 1381 3904 Πελοπόννη-

218 3920 352 3990 σονΗΜ.
393 3920 475 4009 φησὶ
500 3927 579 4009 γοῦν
600 3921 664 4004 ,,ἐξ
683 3916 787 4009 ἀπίης
808 3919 902 4012 γαίης
924 3920 1051 4012 δεκάτῳ
1074 3921 1240 4012 ἒνιαοτηῖῑ(
1262 3930 1304 4012 (π
1326 3929 1380 4010 18).

217 4028 455 4114 Vwmffi

218 4186 292 4193 ...n—.-
297 4186 320 4192 --
328 4185 425 4193 ..—

284 4256 608 4333 1400’<Πελοτιὸννησον·
627 4258 662 4320 τὸ
680 4264 712 4322 δὲ
732 4259 824 4334 ὄνομα
843 4265 897 4321 οὐκ
915 4259 995 4322 οἶδεν
1014 4256 1030 4322 δ
1046 4283 1075 4322 τι.
1098 4265 1319 4337 Friedlaender.>

285 4347 342 4392 14⁰d
358 4345 449 4418 <Quae
466 4349 620 4416 sequuntur
637 4345 738 4406 desunt
754 4348 784 4404 in
802 4349 862 4405 cod.
880 4350 927 4419 A.)
