3008 4980
519 330 543 382 2.
571 323 696 396 βάλλειν,
715 324 844 391 οὐτάσαι,
861 325 928 381 sim:
1266 339 1305 401 69

136 483 356 582 Smyrnaeum,
378 495 502 579 equites
516 498 698 580 pugnantes
719 496 759 560 ab
774 494 916 560 Homero
938 518 1004 560 non
1025 498 1156 565 induci?
1179 499 1224 565 At
1238 499 1306 584 ipse

134 605 170 668 in
203 603 238 668 id
271 625 399 668 carmen
422 601 565 679 induxit,
599 601 774 686 quodnisi
804 602 940 667 istorum
969 626 1092 670 morem
1118 607 1306 692 cognoveris

135 711 269 776 Homeri
290 709 466 795 imaginem
482 731 558 794 prae
581 709 694 775 ceteris
716 709 833 774 referre
856 713 1104 793 exspectaverim
1129 736 1158 781 v.
1185 714 1214 777 Θ
1238 720 1305 783 186.

136 822 156 881 Ι
168 825 197 885 2.
219 820 276 882 ΙΑ
294 823 359 887 184.
398 815 444 882 Of.
467 816 613 899 equitum
635 820 796 882 certamen
816 817 851 880 in
872 817 956 882 ludis
976 817 1167 886 funebribus
1189 827 1221 885 Δ
1234 829 1305 889 545.

134 925 317 991 Nescivisse
340 923 486 1003 eundem,
509 924 594 1007 apud
612 922 791 989 Homerum
812 924 1006 989 ambrosiam
1028 926 1135 991 cibum
1157 950 1226 994 esse
1239 928 1306 994 De·

137 1055 228 1098 orum
249 1053 315 1097 non
336 1034 470 1119 potum?
492 1031 646 1096 Attamen
666 1031 735 1116 ipse
757 1030 839 1095 nihil
862 1031 1020 1097 dubitavit
1040 1033 1177 1100 scribere
1199 1036 1232 1099 A
1248 1040 1306 1104 139

135 1138 278 1226 Νύμφαι
307 1129 491 1224 ἀμβροσίην
521 1132 693 1223 έκέραιρον
723 1134 772 1203 ἐνὶ
799 1133 965 1223 χρυσέοισι
992 1134 1182 1219 κυπέλλοις.
1226 1141 1307 1226 Try·

135 1248 312 1333 phiodorus
326 1247 366 1311 ad
386 1245 519 1310 visenda
534 1245 727 1312 Graecorum
742 1249 845 1311 castra
858 1245 1024 1312 Priamum
1038 1270 1111 1313 cum
1126 1249 1306 1316 senioribus

136 1335 214 1421 facit
234 1355 329 1420 mulis
350 1354 432 1432 vehi,
454 1359 513 1419 241

303 1455 334 1526 oi
354 1456 390 1524 δέ
411 1462 497 1548 θοῇς
519 1452 639 1546 οὐρῆας
658 1453 896 1539 ὑποζεύξαντες
916 1454 1058 1550 ἀπήναις

302 1565 339 1633 ἐκ
359 1561 481 1645 πόλιος
502 1563 698 1651 κατέβαινον
720 1562 790 1649 ἅμα
815 1560 957 1654 Πριάμῳ
978 1568 1119 1659 βασιλῆϊ

301 1668 402 1741 ἄλλοι
422 1670 665 1761 δημογέροντες.

135 1787 200 1854 Sed
226 1785 312 1870 apud
336 1783 516 1849 Homerum
541 1783 637 1847 mulis
664 1805 758 1848 curru
787 1783 905 1848 iunctis
932 1806 999 1849 non
1024 1788 1160 1850 utuntur
1184 1785 1246 1850 nisi
1268 1787 1308 1850 ad

135 1893 282 1960 vehenda
303 1914 409 1958 onera.
455 1890 549 1968 Quod
570 1888 829 1975 Trypbiodorum
854 1891 1021 1975 ignorasse
1050 1915 1087 1958 eo
1111 1893 1217 1956 minus
1239 1914 1307 1957 cre-

136 2002 211 2065 dere
234 1999 332 2077 decet,
353 2020 427 2063 cum
448 1998 487 2063 de
501 1997 630 2063 Priamo
652 1997 800 2063 vehiculo
822 1997 901 2062 urbe
924 2019 1053 2082 egresso
1077 2000 1220 2065 scribens
1241 2021 1308 2064 non

136 2111 247 2194 posset
268 2129 335 2171 non
356 2104 539 2170 meminisse
561 2105 715 2171 simillimi
735 2105 799 2170 loci
820 2105 984 2171 Homerici
1006 2106 1037 2168 Ω
1057 2111 1127 2185 324,
1149 2129 1213 2190 quo
1235 2107 1306 2191 ipso

134 2215 208 2280 loco
228 2213 392 2278 Priamum
414 2234 514 2297 equos
536 2233 632 2298 agere
653 2211 806 2287 videmus,
828 2212 971 2296 plaustro
994 2216 1114 2290 contra,
1136 2236 1201 2298 quo
1224 2215 1309 2278 dona

134 2324 314 2406 portantur,
335 2319 523 2385 subiunotos
537 2319 652 2399 mulos.
688 2318 752 2384 Sed
767 2317 1010 2404 Tryphiodorus
1024 2322 1221 2405 posterioris,
1242 2322 1306 2386 imo

136 2430 186 2495 sui
200 2429 269 2494 aevi
290 2451 413 2494 morem
435 2427 592 2511 expressit
614 2432 653 2504 (v.
669 2425 811 2491 Scheffer
828 2449 853 2493 ο.
872 2426 968 2511 Vffl).
1003 2428 1153 2493 Aetatem
1176 2429 1305 2512 quidem

136 2560 227 2603 suam
242 2535 291 2602 illi
306 2535 387 2620 epici
407 2538 475 2599 tam
496 2556 562 2598 non
585 2533 834 2611 dissimularunt,
855 2538 893 2599 ut
907 2533 1047 2612 Quintus
1062 2535 1305 2601 similitudinem
1319 2550 1372 2619 (82)

136 2669 156 2710 a
180 2643 340 2709 bestiariis
367 2641 530 2717 sumserit,
558 2635 585 2719 ς’
614 2645 683 2708 532.
717 2641 927 2706 Alexandrini
953 2665 1026 2706 cum
1051 2643 1141 2728 epica
1167 2644 1308 2708 carmina

136 2752 273 2817 condere
302 2751 555 2836 aggrederentur
580 2771 647 2837 non
676 2749 709 2812 id
733 2752 887 2834 egerunt,
919 2752 957 2813 ut
987 2749 1044 2814 ubi
1068 2749 1229 2815 Homerus
1256 2751 1307 2815 vel

135 2857 262 2924 fabulas
275 2858 328 2923 vel
341 2879 445 2922 mores
466 2861 498 2922 et
511 2857 660 2923 instituta
681 2856 732 2921 vel
754 2855 879 2920 dicendi
900 2855 1035 2921 artificia
1055 2857 1107 2921 vel
1126 2879 1307 2922 sermonem

138 2966 295 3032 Graecum
315 2964 512 3048 reliquisset,
542 2963 588 3027 ibi
616 2967 649 3028 et
674 2963 736 3047 ipsi
760 2963 875 3047 pedem
902 2963 1054 3028 sisterent
1078 2963 1187 3048 itaque
1212 2963 1305 3029 illum

137 3074 351 3158 exprimerent
365 3071 457 3156 quasi
471 3070 586 3155 aliquis
604 3068 698 3135 Hiadi
719 3070 884 3155 proximus
906 3069 1085 3154 rhapsodus
1108 3071 1164 3155 qui
1183 3071 1307 3137 nullum

137 3181 229 3255 aliud
243 3180 378 3244 haberet
404 3177 594 3262 exemplum.
638 3176 701 3244 Sed
731 3180 769 3241 ut
796 3177 931 3243 saeculis
959 3179 1179 3262 superioribus
1200 3179 1307 3262 poesis

139 3287 258 3354 Graeca
278 3309 336 3372 per
357 3286 475 3371 gradus
496 3307 667 3371 progressa
689 3287 750 3361 est,
781 3306 866 3349 nunc
891 3308 950 3369 per
970 3286 1102 3370 aliquod
1123 3291 1252 3371 tempus
1273 3287 1307 3351 in

137 3394 316 3460 imitatione
331 3393 518 3470 consistens,
540 3413 627 3456 nunc
647 3395 844 3456 commutato
864 3392 982 3477 partim
1002 3393 1199 3458 audientium
1223 3393 1306 3458 desi·
1323 3416 1356 3466 69

139 3502 226 3567 derio
241 3501 359 3585 partim
369 3520 523 3565 converso
538 3499 720 3564 litterarum
735 3502 821 3564 statu
829 3500 947 3582 partim
957 3500 1162 3585 ingeniosum
1176 3504 1309 3585 propter

137 3609 188 3674 vel
202 3613 287 3674 certe
301 3608 454 3672 audacem
466 3609 654 3670 novatorem
668 3627 770 3672 novos
786 3606 908 3673 colores
924 3630 1097 3685 assumens,
1115 3607 1307 3672 sioAlexan-

138 3716 228 3805 drina
242 3715 349 3800 poesis
370 3736 429 3778 usa
449 3716 498 3778 est
518 3713 567 3790 iis,
591 3736 673 3798 quae
696 3713 824 3779 saecula
846 3718 919 3779 ante
941 3718 1147 3798 paraverant3
1171 3737 1307 3798 quorum

137 3823 192 3888 illa
210 3845 277 3887 non
298 3824 425 3886 tantum
445 3820 600 3885 imitatrix
621 3822 677 3886 sed
692 3821 914 3906 amplificatrix
937 3825 969 3887 et
990 3823 1137 3887 novatrix
1159 3845 1228 3888 esse
1250 3845 1307 3886 vo·

137 3930 210 3995 luit:
243 3929 330 4013 quod
355 3928 418 3993 nisi
443 3928 489 3993 ita
515 3931 611 4006 esset,
639 3950 706 3992 non
731 3928 923 3995 haberemus
944 3929 1040 3995 huius
1065 3931 1172 4014 poesis
1199 3930 1307 4014 epioae

137 4037 304 4102 historiam
326 4036 392 4101 suis
413 4035 572 4100 aetatibus
599 4039 632 4100 et
659 4037 806 4101 terminis
829 4037 1028 4121 descriptam.
1068 4036 1112 4101 Et
1133 4037 1308 4102 noluerunt

139 4292 548 4362 1x‚Gerhardusleot.Ap011.
567 4311 589 4348 c.
609 4292 660 4360 VI,
682 4292 858 4348 Weichertus
880 4294 915 4350 de
932 4294 1083 4364 Apollonio
1101 4314 1128 4365 p.
1148 4300 1192 4358 37,
1216 4291 1306 4348 Loebe

124 4393 211 4451 spec.
229 4381 333 4445 quaest.
353 4377 412 4432 erit.
430 4397 458 4448 p.
477 4383 502 4432 2.
