3008 4980
223 294 281 356 17ss
400 289 451 345 111.
472 287 513 344 De
531 287 685 342 Aristarchi
701 287 817 343 scientia
834 286 1011 358 antiquitatis
1028 285 1201 343 Homericae

682 459 926 543 Agamemno.

299 605 380 672 Eius
400 628 536 692 regnum
557 608 700 694 Mycenis
724 612 866 686 estnon
886 608 996 693 Argis,
1017 610 1054 671 ut
1075 606 1161 692 apud
1182 604 1382 681 recentiores,

218 715 257 775 A
277 719 327 781 46.
362 712 550 799 Iphigeniae
572 715 703 781 eaedem
723 716 862 801 ignorat.
899 718 919 777 l
942 722 1009 782 145.

687 917 918 928 -ι--ι-ι-

669 1048 764 1115 Aiax
784 1048 934 1115 Locrus.

137 1202 209 1273 (180)
301 1197 385 1263 Oilei
399 1197 493 1276 filius,
512 1220 578 1263 non
592 1196 659 1277 Ilei,
681 1203 718 1264 ut
731 1201 817 1283 apud
832 1199 1005 1264 nonnullos
1023 1197 1228 1263 recentiores.
1258 1200 1302 1260 M
1316 1202 1377 1265 365.

218 1309 252 1367 N
271 1310 341 1373 203.
363 1312 433 1373 694.
474 1302 593 1372 Ξ442.
638 1307 747 1373 0333
778 1306 829 1388 (of.
851 1307 915 1371 soh.
947 1306 1027 1371 Vct
1049 1305 1141 1372 Eust.
1169 1305 1200 1368 h.
1227 1304 1269 1386 1.),
1312 1303 1377 1369 Ηοτ

218 1412 314 1476 etiam
339 1435 485 1478 manasse
515 1413 641 1477 videtur
667 1435 705 1477 ex
733 1413 815 1477 male
836 1413 1001 1479 intellecto
1023 1412 1176 1480 Homero,
1217 1415 1248 1475 B
1269 1405 1375 1496 527111

218 1519 337 1607 διπλῆ)
360 1516 411 1586 ὅτι
425 1516 511 1598 τινὲς
530 1524 595 1584 τῶν
617 1515 782 1605 νεωτέρων
804 1513 990 1605 ἀνέγνωσαν
1008 1517 1108 1604 χωρὶς
1127 1520 1186 1584 τοῦ
1200 1541 1232 1597 ο,
1255 1510 1302 1595 ὡς
1322 1511 1377 1600 ἅρ-

217 1631 304 1710 dccv
332 1621 444 1706 ὄντος,
475 1618 546 1692 εἶτα
572 1621 689 1715 Ἰλῆος.
725 1626 744 1693 ὁ
773 1624 810 1692 δὲ
830 1622 978 1715 Ὅμηρος
1005 1625 1064 1693 σὺν
1089 1628 1136 1712 τῷ
1163 1649 1181 1693 o
1208 1622 1300 1710 λέγει
1325 1623 1377 1693 τὸν

214 1729 335 1821 Ὀϊλῆα
347 1737 400 1805 ²⁰⁹.
436 1735 538 1816 Quod,
559 1758 631 1801 cum
645 1736 807 1802 Hesiodus
822 1740 855 1802 et
868 1735 1070 1804 Stesichorus
1084 1738 1221 1820 utraque
1235 1734 1379 1811 nominis,

217 1844 320 1909 forma
333 1845 384 1908 usi
399 1847 514 1924 essent,
529 1848 566 1908 ut
579 1843 770 1909 Eustathius
789 1866 827 1909 ex
841 1844 982 1928 antiquis
996 1846 1133 1908 testatur
1147 1845 1177 1905 B
1192 1850 1252 1910 527
1268 1864 1301 1927 p.
1315 1848 1373 1909 277

218 1952 389 2016 admodum
410 1950 580 2017 verisimile
602 1954 660 2016 est.
698 1943 828 2028 Ὀϊλεύς
852 1955 885 2017 et
911 1951 996 2036 apud
1017 1950 1195 2016 Homerum
1216 1948 1381 2015 nonnullis

218 2058 371 2142 exemplis
393 2059 605 2124 certissimum
627 2061 660 2123 et
679 2058 822 2144 vulgaris
843 2058 946 2124 forma
966 2059 1029 2124 fuit
1050 2057 1180 2141 (Atticis
1206 2049 1326 2133 Οἰλεύς
1347 2059 1382 2121 ut

218 2158 352 2248 οἶοτός);
379 2165 514 2231 formam
532 2158 632 2242 Ἰλεύς
653 2187 691 2230 ex
712 2165 854 2232 Homero
876 2167 1052 2244 finxerunt,
1075 2165 1132 2230 ubi
1153 2164 1215 2231 sibi
1236 2156 1256 2230 ὁ
1276 2156 1383 2251 Ἰλῆος

215 2268 314 2352 ταχὺς
333 2264 405 2349 οἷός
426 2277 458 2338 et
478 2271 596 2338 similia
616 2274 726 2339 audire
751 2274 950 2340 ridebantur.
986 2274 1078 2339 Hanc
1100 2272 1294 2339 sententiam
1309 2274 1383 2338 Ari·

153 2393 200 2445 178
219 2381 337 2446 starchi
364 2381 478 2446 vellem
500 2386 610 2446 notam
636 2382 804 2447 habuisset
824 2381 1041 2462 Hermannus‚
1071 2404 1143 2447 cum
1170 2380 1326 2447 scriberet
1345 2382 1383 2447 de

218 2511 278 2555 em.
299 2491 356 2555 rat.
378 2510 424 2572 gr.
447 2512 478 2573 p.
499 2497 549 2558 41.
574 2496 626 2571 42,
648 2494 686 2555 ut
706 2490 765 2555 viri
787 2489 987 2556 subtilissimi
1008 2489 1162 2554 iudicium
1181 2488 1383 2555 haberemus.

682 2695 915 2704 ——----

616 2824 714 2889 Aiax
736 2823 982 2890 Telamonius

217 2974 303 3058 apud
323 2973 500 3040 Homerum
527 2997 592 3039 non
619 2974 753 3061 fingitur
777 2974 1019 3042 invulnerabilis
1041 2969 1162 3042 Ξ4116.
1195 2974 1229 3037 Ψ
1248 2978 1310 3043 822
1332 2972 1384 3057 (ci

216 3081 306 3147 Euat.
329 3088 397 3162 995,
420 3083 457 3163 1).

658 3340 933 3408 Andromache.

297 3494 328 3552 Z
346 3497 407 3559 457
427 3489 549 3555 Hector
577 3489 617 3555 ad
637 3491 898 3558 Andromachen:
928 3486 987 3556 cui
1011 3511 1066 3554 κεν
1088 3485 1123 3554 ἒν
1144 3480 1262 3575 ’Ἀργει
1281 3487 1383 3556 ἐοῦσα

214 3592 300 3679 πρὸς
320 3589 423 3682 ὄῖλλης
443 3591 532 3662 ἱστὸν
558 3591 715 3684 ὑφαίνοις
735 3594 803 3664 κατ’
828 3622 893 3664 κεν
914 3594 1018 3683 ὕδωρ
1042 3593 1208 3687 φορέοις
1228 3595 1384 3685 Μεσσηΐ-

215 3702 274 3780 δος
286 3695 311 3791 ἢ
319 3697 494 3792 Ὑπερείης
506 3698 606 3770 πόλλ’
622 3697 844 3794 ἀεκαζομένην
866 3700 897 3792 (ἡ
915 3706 1035 3794 διπλῆ)
1057 3701 1109 3772 ὅτι
1122 3702 1208 3770 κατὰ
1222 3702 1259 3771 τὸ
1278 3724 1385 3791 προσ-

213 3807 309 3891 τυχὸν
331 3807 435 3891 oleos
455 3805 609 3892 εἰπόντος
619 3807 767 3901 Ὁμήρου
790 3808 822 3879 oi
842 3811 997 3899 νεώτεροι
1016 3816 1064 3900 τῷ
1086 3806 1159 3880 iiras
1179 3807 1384 3904 rirlcouococ'h

280 4018 317 4058 ¹⁰⁹
339 4015 427 4071 Tacts.
451 4030 493 4072 ex.
514 4014 546 4070 Il.
564 4033 592 4085 p.
615 4021 632 4070 4
656 4014 732 4070 inter
754 4014 923 4085 interpretes
939 4014 1066 4082 Homeri,
1092 4015 1201 4087 inquit,
1224 4015 1280 4071 fuit
1297 4013 1383 4071 etiam

214 4093 414 4165 Ποσειδώνιος
431 4088 448 4153 ὁ
466 4089 692 4169 Ἀπολλωνιάτης
709 4099 725 4155 ὁ
744 4103 786 4173 τῷ
801 4093 927 4172 Ἡσιόδῳ
950 4098 1063 4171 μέμψιν
1081 4094 1201 4170 ἐπάγων
1224 4088 1267 4165 cic
1290 4117 1384 4171 παρα-

214 4186 372 4257 φθελραντλ
382 4201 464 4247 τινας
474 4187 535 4239 τῶν
547 4183 670 4256 Ὁμήρου
682 4182 801 4249 λέξεων,
818 4176 871 4237 τὸν
883 4175 974 4240 busa
990 4174 1060 4241 Ἰλέα
1074 4181 1189 4241 εἰπόντι
1202 4185 1251 4239 καὶ
1268 4176 1321 4240 τὸν
1337 4176 1384 4254 νή·

215 4270 308 4338 druos
323 4257 433 4339 λρυμον
449 4268 500 4324 καὶ
516 4259 589 4324 ἄλλα
606 4260 679 4324 ἄττα
696 4268 826 4323 τοιαῦτα.
856 4266 897 4323 cf.
915 4268 1035 4323 eundem
1053 4287 1080 4339 p.
1101 4273 1156 4324 126.
1186 4267 1259 4338 (Ipse
1271 4266 1383 4323 Taetaos

213 4353 303 4409 forma
319 4345 405 4418 Ἰλεύς
420 4370 485 4408 usus
497 4355 552 4409 cst:
570 4370 596 4408 v.
614 4352 709 4409 Wern.
726 4351 763 4407 ad
780 4350 884 4422 Tryph.
901 4371 927 4408 v.
948 4355 1016 4421 165.)
