3008 4980
215 333 277 395 346
515 327 548 382 V.
572 327 614 383 De
631 324 735 383 criticis
753 327 907 384 Aristarchi
924 326 1085 384 rationibus.

214 492 295 558 mihi
313 492 432 559 librum
446 494 608 562 Aeneidos
627 498 804 563 secundum
825 497 988 563 mirandae
1008 495 1189 572 vetustatis,
1212 497 1335 559 emtum
1354 494 1385 558 in

217 600 389 687 Sigillariis
410 602 468 667 XX
493 604 610 686 aureis,
639 628 735 689 quem
761 606 863 691 ipsius
883 604 1015 692 Virgilii
1040 603 1140 668 fuisse
1162 602 1328 668 credebat:
1354 603 1384 667 in

217 731 282 793 quo
306 709 369 775 duo
389 711 445 775 isti
465 733 576 777 versus
599 735 699 797 quum
718 713 765 778 ita
786 714 897 798 scripti
918 713 1027 778 forent

298 817 506 884 Vestibulum
527 823 602 884 ante
623 821 730 905 ipsum
751 821 920 907 primoque
941 821 976 885 in
997 819 1109 885 limine
1128 817 1276 904 Pyrrhus

298 924 449 991 Exsultat
470 926 545 992 telis
563 931 596 992 11
616 928 688 994 1111
711 951 861 994 coruscus
883 951 972 1008 aena,

134 1051 205 1124 (111)
218 1032 359 1099 additam
387 1056 484 1118 supra
513 1034 650 1100 vidimus
681 1035 704 1100 h
731 1036 873 1102 litteram
899 1040 932 1102 et
963 1036 1066 1102 ahena
1093 1034 1227 1100 factum.
1276 1032 1330 1099 Sic
1353 1034 1384 1098 in

216 1139 273 1205 illo
289 1162 418 1224 quoque
434 1142 563 1228 Virgilii
583 1165 677 1208 versu
698 1144 733 1208 in
756 1145 885 1229 optimis
906 1144 996 1209 libris
1018 1144 1174 1228 scriptum
1195 1142 1384 1207 invenimus:

216 1249 284 1312 Ant
309 1247 397 1314 foliis
422 1249 542 1315 undam
570 1251 687 1336 trepidi
714 1252 876 1337 dispumat
900 1252 1021 1316 aheni“.
1063 1248 1141 1315 XIII
1167 1255 1207 1317 20
1234 1249 1383 1334 (2154)

216 1354 317 1435 „Nam
336 1357 371 1420 in
392 1358 496 1441 primo
520 1359 711 1445 Georgicon,
732 1382 830 1444 quem
851 1381 921 1444 ego,
942 1358 1049 1443 inquit
1071 1360 1125 1440 (sc.
1141 1355 1293 1423 Valerius
1307 1355 1381 1420 Pro-

216 1466 303 1548 bus),
328 1464 448 1530 librum
473 1489 572 1532 manu
597 1467 699 1553 ipsius
721 1470 900 1533 correctum
918 1466 998 1552 legi,
1025 1465 1115 1530 urbis
1135 1486 1195 1549 per
1214 1463 1227 1528 i
1248 1462 1383 1528 litteram

217 1573 344 1657 scripsit
358 1610 399 1620 —
414 1577 527 1638 contra
540 1575 574 1638 in
589 1575 685 1640 tertio
703 1574 866 1640 Aeneidos
884 1575 981 1639 urbes
1004 1572 1083 1638 dixit
1103 1593 1162 1657 per
1183 1593 1201 1636 e
1223 1571 1383 1636 litteram“.

216 1680 261 1746 IX
278 1688 315 1748 14
337 1681 542 1760 „Ciceronem
560 1705 690 1766 quoque
712 1681 850 1748 affirmat
864 1681 1039 1748 Caesellius
1060 1681 1095 1744 in
1116 1679 1271 1759 oratione,
1294 1701 1383 1764 quam

216 1810 275 1873 pro
297 1787 333 1851 P.
356 1787 462 1854 Sestio
487 1789 576 1868 fecit,
609 1790 676 1855 dies
707 1790 871 1874 scripsisse
896 1811 955 1875 pro
989 1788 1061 1855 diei.
1107 1785 1205 1865 Quod
1232 1807 1294 1872 ego
1319 1786 1384 1851 im-

215 1918 337 1982 pensa
357 1918 474 1981 opera
500 1896 740 1981 conquisitis
761 1897 961 1963 veteribus
981 1895 1099 1960 libris
1118 1894 1316 1979 plusculis
1336 1894 1384 1973 111,

152 2007 255 2072 351111
277 2003 450 2068 Caesellius
471 2004 525 2082 ait,
547 2003 702 2089 scriptum
722 2005 840 2070 inveni.
882 2003 991 2069 Verba
1012 2006 1089 2068 sunt
1109 2002 1189 2067 haec
1210 2000 1255 2068 M.
1278 2000 1384 2066 Tullii:

217 2111 360 2195 „equites
389 2133 465 2177 vero
500 2111 631 2177 daturos
664 2110 752 2177 illins
786 2112 853 2178 dies
879 2116 1029 2196 poenas“.
1080 2108 1241 2187 Quocirca
1269 2109 1386 2174 factum

217 2217 325 2284 hercle
348 2221 412 2296 est,
439 2220 477 2283 ut
503 2219 597 2285 facile
623 2220 664 2284 iis
686 2221 825 2300 credam,
856 2221 912 2304 qui
940 2219 1137 2303 scripserunt
1162 2216 1387 2304 idiographum

218 2326 337 2392 librum
358 2324 489 2411 Virgilii
511 2349 545 2393 se
567 2328 755 2413 inspexisse,
776 2328 811 2393 in
834 2350 897 2413 quo
921 2327 968 2392 111
989 2326 1225 2411 scriptumest:

341 2433 438 2499 Libra
460 2435 527 2500 dies
551 2437 720 2520 somnique
742 2458 835 2520 pares
856 2435 913 2500 ubi
933 2435 1046 2501 fecerit
1066 2435 1173 2514 horas,
1304 2455 1307 2471 ²

218 2543 239 2608 i.
255 2564 280 2608 e.
301 2542 385 2607 libra
403 2541 465 2607 diei
487 2544 665 2629 somnique.
703 2543 767 2610 Sed
788 2542 872 2607 sicut
891 2540 955 2607 hoc
975 2543 1009 2608 in
1030 2543 1103 2608 loco
1128 2542 1196 2608 dics
1219 2542 1387 2629 aVirgilio

219 2651 374 2734 scriptum
395 2650 532 2731 videtur,
562 2652 608 2717 ita
632 2652 667 2716 in
694 2651 752 2716 1111
779 2672 873 2716 versu
894 2650 977 2715 nihil
997 2651 1131 2716 dubium
1152 2654 1217 2729 est,
1248 2650 1328 2734 quin
1349 2649 1388 2714 dii

219 2759 381 2844 scripserit
401 2781 461 2844 pro
484 2759 560 2826 diei:
581 2759 716 2824 Munera
736 2759 957 2842 laetitiamque
980 2757 1038 2823 dil:
1067 2757 1156 2842 qnod
1176 2757 1388 2843 imperitiores

220 2868 271 2932 dei
290 2868 417 2953 legunt,
450 2869 490 2932 ab
517 2867 692 2933 insolentia
718 2867 841 2932 scilicet
865 2866 954 2932 vocis
976 2866 1070 2931 istius
1092 2864 1332 2932 abhorrentes‘t
1353 2905 1388 2913 —

218 2974 256 3039 11
279 2976 392 3041 eodem
414 2976 519 3060 capite
542 2974 663 3041 Gellius
683 2974 777 3039 haec:
1047 2970 1051 2977 ’

301 3083 413 3163 „Quod
440 3087 548 3148 autem
574 3105 671 3167 supra
696 3083 852 3166 scriptum
880 3086 928 3147 est
952 3083 987 3146 in
1010 3081 1123 3159 Quinti
1144 3080 1271 3148 Claudii
1294 3082 1390 3164 (Qua-

220 3191 361 3276 drigarii)
384 3191 489 3256 verbis
511 3194 661 3276 „Propter
681 3190 938 3277 magnitudinem
964 3194 1062 3274 atque
1088 3189 1327 3255 immanitatem
1346 3190 1391 3255 fa·

220 3300 310 3376 cies“‚
332 3299 366 3362 id
387 3321 447 3364 nos
469 3298 594 3382 aliquot
615 3298 776 3364 veteribus
797 3298 888 3363 libris
909 3299 1063 3383 inspectis
1085 3297 1324 3380 exploravimus
1346 3301 1391 3362 11

221 3430 282 3492 que
304 3408 350 3471 ita
372 3429 450 3486 esse,
472 3409 509 3470 ut
531 3407 764 3490 scriptumest,
786 3406 1009 3491 comperimus.
1053 3403 1107 3470 Sic
1129 3403 1217 3470 enim
1239 3405 1391 3490 pleraque

220 3518 308 3581 aetas
329 3518 475 3580 veterum
496 3514 680 3579 declinavit:
711 3514 922 3593 1111111111,
943 3513 1040 3579 huius
1061 3513 1174 3592 facies,
1196 3512 1286 3597 quod
1309 3534 1392 3579 nunc

219 3627 352 3708 propter
371 3623 531 3687 rationem
551 3622 793 3708 grammaticam
811 3622 905 3687 faciei
925 3622 1049 3686 dicitur.
1086 3619 1265 3704 Corruptos
1287 3624 1393 3684 autem

221 3730 377 3813 quosdam
397 3729 498 3795 libros
519 3730 633 3814 reperi,
655 3731 689 3794 in
713 3730 830 3814 quibus
852 3728 945 3794 faciei
968 3729 1123 3814 scriptum
1145 3730 1203 3806 est,
1224 3726 1284 3792 1111
1308 3727 1394 3812 quod

221 3841 295 3902 ante
326 3838 480 3923 scriptum
510 3841 579 3902 erat
610 3838 741 3902 oblitter
761 3841 805 3903 11.
847 3837 1055 3902 Meminimus
1082 3835 1179 3901 etiam
1204 3833 1241 3898 in
1266 3833 1393 3899 Tiburti

220 3945 419 4010 bibliotheca
432 3946 575 4010 invenire
590 3969 650 4012 111
664 3947 700 4010 11
715 3947 828 4011 eodem
843 3944 968 4010 Claudii
987 3942 1071 4009 libro
1094 3942 1251 4026 scriptum
1271 3945 1393 4007 utrum·

222 4075 293 4137 que,
315 4052 412 4118 facies
428 4057 461 4118 et
474 4053 562 4118 facii:
584 4053 640 4118 sed
660 4052 758 4118 facies
779 4054 815 4117 in
837 4053 948 4118 ordine
970 4052 1125 4135 scriptum
1145 4049 1208 4114 fuit
1229 4053 1264 4114 et
1284 4052 1394 4115 contra

222 4162 250 4242 [i.
279 4183 305 4227 e.
332 4161 368 4224 in
393 4160 550 4247 margine]
577 4182 634 4244 per
661 4161 685 4225 ii
714 4161 879 4246 geminum
909 4160 1009 4225 iacii“.
1051 4157 1189 4224 Inferius
1217 4156 1277 4222 sic:
1312 4157 1394 4237 „Aut

136 4284 207 4355 (369)
220 4269 318 4335 facies
341 4290 418 4355 ergo
440 4269 475 4332 in
495 4289 570 4332 casu
591 4268 696 4352 patrio
715 4272 771 4333 111
791 4268 866 4333 facii
881 4266 1129 4352 Quadrigarium
1150 4265 1319 4349 scripsisse
1342 4286 1393 4330 ex-

217 4377 425 4443 istimandum
447 4379 507 4454 est,
533 4374 614 4440 facie
634 4379 742 4441 autem
763 4376 797 4440 in
819 4373 910 4440 nullo
932 4373 1033 4440 veteri
1053 4373 1138 4438 libro
1160 4372 1319 4457 scripturn
1338 4394 1388 4437 re·
