3008 4980
215 310 275 372 226
395 303 445 359 111.
466 300 508 357 Du
526 300 680 357 Aristarchi
696 300 812 357 seientia
828 298 1006 369 antiquitatis
1022 294 1197 354 Homericae.

215 465 254 535 δέ
276 490 361 558 φασι
386 467 443 535 καὶ
467 467 528 558 τήν
540 463 664 557 ’Άρνην
680 464 747 536 ὑπὸ
768 472 828 558 τής
848 464 964 556 λίμνης
984 467 1228 553 καταποθῆναι
1248 459 1305 529 καὶ
1323 458 1377 550 τήν

216 573 374 643 Μίδειαν.
417 572 605 665 Ζηνόδοτος
625 575 662 642 δὲ
683 573 820 666 γράφων

490 680 521 751 οἱ
544 681 581 750 δὲ
602 681 859 774 πολυστάφυλον
872 678 1016 771 Ἄσκρην
1037 677 1112 763 ἔχον

216 785 276 858 ούκ
308 787 416 858 ἔοικεν
449 788 614 874 ἐντυχόντι
645 796 715 871 τοῖς
740 789 807 859 ὑπὸ
829 785 996 858 Ἡσιόδου
1026 788 1104 876 περὶ
1132 791 1193 877 τής
1223 780 1377 874 πατρίδος

150 905 198 960 119
217 899 365 981 λεχθεῖσι
387 899 444 966 καί
463 904 534 978 τοῖς
550 894 606 966 ὑπ’
630 902 715 986 (del.)
737 895 884 982 Εὐδόξου
905 897 992 966 πολὺ
1011 892 1110 982 χείρω
1133 893 1290 981 λέγοντος
1308 892 1378 976 περὶ

214 1002 438 1096 τήςἌσκρης.
472 1012 544 1086 πῶς
563 1007 626 1094 γάρ
649 1003 689 1074 ῶν
709 1032 761 1087 τις
781 1002 1041 1098 πολυστάφυλον
1060 1003 1121 1094 τήν
1141 1002 1297 1092 τοιαύτην
1316 998 1378 1069 ὑπὸ

214 1119 273 1180 τοῦ
299 1119 442 1203 ποιητοῦ
467 1112 629 1201 λέγεσθαι
649 1111 872 1196 πιστεύσειενς
900 1109 961 1183 ούκ
982 1105 1020 1180 ad
1041 1109 1078 1179 δὲ
1100 1105 1175 1180 σύτο
1198 1107 1233 1178 οὶ
1257 1106 1378 1198 Τάρνην

216 1216 288 1288 άντὶ
306 1226 366 1311 τής
376 1218 500 1312 ’Ἀρνης
520 1220 703 1315 γράφοντες
713 1227 765 1295 ¹⁴².
806 1219 884 1291 οὐδὲ
910 1222 973 1310 γὰρ
998 1217 1061 1306 μία
1084 1215 1253 1286 δείκνυται
1276 1216 1378 1303 Τάρνη

215 1329 308 1416 παρὰ
329 1335 400 1409 τοῖς
425 1337 593 1411 Βοιωτοῖς.
630 1330 664 1398 ἐν
687 1330 723 1398 δὲ
741 1333 874 1410 Λυδοῖς
895 1328 998 1397 ε’στιν·
1024 1318 1065 1418 ής
1085 1326 1306 1415 καλὍμηρος
1324 1321 1379 1410 μέ-

213 1461 348 1524 μνηται·

335 1540 517 1628 Ἰδομενεύς
540 1542 572 1612 δ’
597 1542 663 1633 άρα
689 1552 835 1614 Φαῖστον
856 1543 996 1634 ἐνήρατο
1017 1540 1171 1622 τέκτονος
1190 1538 1264 1610 vida

339 1650 466 1740 Βῶρου,
489 1645 526 1733 ὃς
547 1653 584 1720 ἐκ
610 1651 737 1743 Τάρνης
758 1629 963 1740 ἐριβώλακος
983 1647 1178 1739 εἰληλούθει

215 1765 258 1846 (Ε
276 1766 339 1847 44).
376 1764 608 1846 Apollodorum
630 1766 785 1843 audimus,
807 1768 844 1830 ut
865 1763 951 1829 alibi.

717 2083 886 2168 Cyllene.

302 2230 407 2297 0518
429 2223 657 2313 Πουλυδάμας
679 2225 710 2295 δ’
730 2222 830 2297 Ὦτον
851 2221 1040 2316 Κυλλήνιον
1061 2224 1243 2312 ἐξενάριξεν
1268 2221 1386 2292 Φυλεί-

135 2347 205 2418 (235)
219 2335 282 2399 δεω
303 2331 429 2418 ἕταρον,
452 2333 657 2423 μεγαθύμων
681 2331 781 2427 άρχδν
799 2332 956 2404 Ἔπειῶντ
977 2330 1011 2424 (ή
1028 2333 1146 2422 διπλή)
1169 2329 1222 2403 ότι
1242 2327 1305 2401 οὐκ
1319 2327 1385 2400 άπὸ

221 2438 390 2531 Κυλλήνης
415 2449 474 2511 τοῦ
496 2443 531 2511 ἓν
548 2440 712 2536 Ἀρκαδίᾳ
734 2441 846 2535 όρους,
872 2439 944 2511 ἀλλ’
969 2438 1115 2511 ἒπίνειόν
1137 2439 1227 2509 ἐστιν
1245 2434 1400 2506 Ἠλείων-

217 2545 373 2639 Κολλήνη
396 2601 459 2621 ...
488 2543 581 2621 οὗτοι
608 2551 646 2621 δέ
672 2549 755 2622 εἰσιν
779 2549 910 2620 Ἠλεῖοι
939 2555 972 2638 (l.
990 2547 1140 2636 Ἐπειοί).
1182 2551 1291 2620 strab.
1312 2547 1387 2616 VIII

215 2684 247 2745 p.
269 2666 328 2727 337
358 2656 522 2748 μέμνηται
548 2659 585 2727 δὲ
612 2667 671 2752 τής
693 2658 866 2750 Κυλλήνης
890 2656 1008 2748 ταύτης
1034 2658 1091 2725 καί
1108 2656 1257 2746 (Όμηρος
1285 2653 1388 2741 λέγων

212 2759 310 2833 Ὦτον
330 2764 520 2855 Κυλλήνιον
549 2763 648 2855 άρχόν
666 2765 815 2837 Ἐπειῶν.
863 2763 901 2836 ού
927 2766 989 2856 γὰρ
1017 2761 1086 2834 άπὸ
1108 2770 1168 2832 τοῦ
1186 2760 1388 2853 Ἀρκαδικοῦ

218 2868 315 2960 όρους
337 2870 416 2943 όντα
438 2870 571 2958 ἔμελλεν
593 2873 741 2965 ήχεμόνα
762 2882 827 2943 τῶν
845 2871 984 2943 Ἐπειῶν
1006 2869 1194 2962 άποφήναι.

686 3086 916 3096 ..-..-.-.--

592 3214 795 3279 Dardania.
828 3211 1007 3277 Dardani.

304 3364 333 3423 Y
352 3368 412 3430 215
434 3355 467 3448 (ή
493 3361 610 3450 διπλῆ)
638 3360 690 3430 ὅτι
718 3359 813 3449 ἑτέρα
834 3366 895 3449 τής
911 3355 1012 3426 Ἰλίου
1035 3354 1055 3445 ή
1078 3352 1256 3445 Δαρδανία
1277 3353 1387 3440 ῶσπερ

218 3463 275 3530 καί
289 3461 309 3552 ή
331 3465 458 3553 Φρυγία
474 3473 513 3553 (v.
527 3470 631 3555 infra).
659 3471 722 3539 Sed
736 3471 878 3537 Dardani
893 3470 1014 3535 Troum
1028 3468 1158 3534 nomine
1173 3466 1387 3532 continentur.

218 3575 249 3635 P
261 3579 299 3642 80
325 3570 447 3658 Τρώων
467 3574 525 3643 τὸν
548 3571 683 3663 άριστον
704 3573 846 3666 ἔπεφνεν
860 3572 1063 3662 Πανθοίδην
1077 3567 1272 3663 Ελίφορβονε
1297 3569 1390 3655 Τρῶς

219 3672 284 3764 άρα
310 3674 328 3746 ό
351 3675 538 3771 Εύφορβος.
585 3678 672 3750 ἀλλὰ
704 3682 761 3751 καὶ
788 3679 966 3772 Δάρδανος
998 3686 1052 3769 (ac.
1083 3686 1119 3747 Π
1141 3688 1202 3752 807
1228 3671 1389 3761 σχεδόθεν

218 3779 302 3869 βάλε
323 3784 497 3874 Δάρδανος
519 3786 602 3879 ἀνήρ
624 3788 826 3881 Πανθοίδης
844 3786 1051 3882 Εύφορβος)·
1074 3786 1107 3857 οὶ
1128 3784 1194 3876 άρα
1216 3781 1390 3874 Δάρδανοι

222 3897 340 3979 Τρῶες.
380 3895 436 3963 καὶ
459 3894 511 3966 ὅτι
532 3893 605 3966 άντί
624 3906 684 3968 τοῦ
704 3899 761 3969 τὸν
783 3897 818 3966 ἐν
842 3903 913 3978 τοῖς
937 3898 1065 3984 Τρωσὶν
1086 3892 1234 3986 άριστον·
1267 3889 1305 3962 ού
1328 3886 1389 3980 γάρ

221 3999 308 4069 ἐστιν
329 3999 374 4083 ῶς
394 4003 649 4092 ,Μυρμιδόνων
670 4007 727 4078 τὸν
750 4003 910 4094 άριστονίί
930 4012 970 4092 (Σ
992 4011 1051 4092 10).
1087 4008 1126 4074 V.
1149 4005 1254 4073 strab.
1276 4004 1389 4077 X453.

219 4111 279 4178 XII
300 4121 360 4181 574
384 4111 473 4198 λέγει
492 4112 552 4198 μὲν
573 4114 635 4205 γὰρ
657 4113 689 4204 (ό
711 4114 867 4204 ποιητής)
888 4113 946 4181 καί
967 4119 1084 4193 κοινῶς
1106 4110 1258 4192 ἅπαντας
1274 4114 1390 4196 Τρῶας

230 4235 428 4245 --..

286 4285 324 4325 142
340 4283 400 4338 Ηοο
412 4286 511 4339 natum
528 4300 562 4339 ex
579 4283 698 4341 lectione
716 4276 940 4353 πολυστάφυλόν
957 4274 982 4339 τ’
994 4276 1102 4354 Ἄρνην,
1121 4286 1153 4338 ut
1170 4297 1264 4338 versus
1280 4276 1389 4336 exhiba

220 4371 267 4422 tur
283 4386 301 4423 a
318 4368 413 4439 Steph.
433 4369 464 4426 Β.
483 4387 503 4424 a
516 4361 607 4439 Ἄρνη.
