3008 4980
201 308 259 372 138
285 302 319 358 11.
347 301 389 357 De
409 301 584 357 Aristarcheu
601 300 801 357 vocabulorum
817 299 1026 357 Homerioorum
1042 300 1285 371 interpretatione.

552 531 802 601 Μέλπεσθαι
823 541 857 603 et
876 530 1009 624 μολπῇ

198 711 323 774 semper
343 688 446 754 voluit
469 688 554 773 apud
575 686 752 753 Homerum
774 688 894 754 dictum
916 710 985 753 esse
1008 687 1046 752 de
1067 687 1154 767 ludo,
1175 692 1209 754 et
1229 691 1364 756 maxime

199 797 237 861 de
258 794 332 861 lusu
353 795 543 879 saltationis,
564 818 630 862 non
652 795 691 859 de
712 799 819 862 cantu.
847 794 896 860 De
917 794 968 859 his
988 794 1060 860 vide
1074 793 1365 875 Friedleenderum,

198 928 217 968 a
243 927 307 988 quo
334 903 428 968 nobis
454 903 561 968 omnia
585 902 638 967 hic
659 903 798 987 petendu
819 905 906 982 sunt,
932 901 974 966 ad
993 901 1215 968 Aristonicum
1237 907 1276 968 A
1295 911 1363 972 471.

197 1012 249 1076 Ad
265 1009 284 1089 ζ
299 1018 353 1079 101
370 1011 433 1075 hoc
454 1009 600 1075 scholion
621 1008 787 1088 habemus,
809 1009 897 1094 quod
917 1009 970 1074 vix
992 1008 1203 1075 dubitandum
1219 1015 1270 1077 est
1288 1012 1365 1097 quin

197 1116 417 1183 Aristonicum
437 1116 568 1182 referet:
587 1119 662 1205 τῇσι
685 1112 721 1181 δὲ
735 1109 913 1181 Ναυσικάα
935 1107 1135 1193 λευκώλενος
1155 1110 1274 1202 ἤρχετο
1287 1119 1365 1201 μολ-

199 1228 280 1310 πῆς·
302 1220 499 1306 μεταβαλών
521 1223 584 1306 (vel
597 1224 707 1309 potius
727 1220 935 1308 μεταλαβὼν)
956 1220 994 1288 τὸ
1016 1221 1167 1312 ,,σφαίρη
1188 1222 1246 1291 ταὶ
1267 1219 1298 1290 d'
1316 1220 1363 1311 ἀρ’

198 1327 362 1411 ἔπαιζον(
377 1332 462 1417 (100)
478 1321 551 1396 εἶπε
564 1333 667 1420 ,,τῇσι
684 1327 722 1396 δέ
735 1324 912 1396 Ναυσικάα
935 1324 1134 1408 λευκώλενος
1152 1325 1272 1417 ἤρχετο
1287 1331 1367 1415 μολ

197 1442 300 1526 πῇςίί,
323 1441 436 1504 πᾶσαν
457 1436 602 1504 παιδιὰν
620 1437 754 1525 μολπὴν
772 1435 885 1524 λέγων.
915 1433 948 1503 oi
970 1434 1006 1504 δέ
1025 1431 1180 1523 νεαίτεροι
1193 1436 1253 1525 τὴν
1267 1432 1364 1528 ᾠδήν.

197 1542 250 1612 ὅτι
270 1542 307 1612 δέ
329 1539 388 1612 οάκ
410 1535 528 1636 ῇδενη
553 1539 740 1630 Ναυσικάα,
763 1537 835 1610 ἀλλ’
856 1539 1042 1635 ἐσφαίριζε,
1066 1545 1162 1633 δηλοῖ
1181 1545 1220 1611 τὸ
1241 1550 1365 1636 ,,σφαῖ-

196 1677 257 1736 ραν
279 1647 381 1719 ἔπειτ’
404 1648 521 1743 έῤῥιψε
542 1647 610 1735 μετ’
634 1646 831 1742 ἀμφίπολον
854 1649 1035 1735 βασίλεια“
1057 1656 1152 1738 (115).
1166 1691 1208 1702 -
1224 1654 1364 1722 Ariston.

197 1763 238 1828 ed
259 1760 279 1827 δ
303 1769 340 1830 19
360 1759 496 1847 μολπῆς
517 1755 723 1846 ε’ξάρχοντεςε
747 1756 799 1827 ὅτι
824 1753 861 1826 οὗ
887 1759 947 1848 την
973 1752 1076 1848 ᾠδήν,
1097 1752 1186 1825 ἀλλὰ
1206 1760 1267 1849 τὴν
1286 1786 1365 1827 παι-

134 1876 181 1927 139
203 1864 297 1954 γνίαν
327 1864 416 1952 λέγει
443 1863 537 1934 οὕτω.
580 1866 666 1953 πρὸς
689 1867 727 1935 τὸ
754 1864 959 1951 ,μέλποντες
979 1860 1181 1955 Ἑκάεργον(
1209 1871 1262 1953 (A
1281 1873 1365 1954 474)

198 1974 255 2042 καί
275 1973 336 2063 γὰρ
355 1978 487 2056 ,μονῶν
506 1972 719 2062 μέλπηθραῑῑ
741 1979 789 2062 (Ν
801 1982 870 2045 233.
893 1977 931 2043 of.
953 1978 983 2040 P
994 1983 1062 2044 255.
1083 1979 1112 2039 Σ
1126 1981 1205 2062 179).
1227 1977 1367 2043 Ariston

197 2088 236 2150 A
249 2093 311 2154 474
327 2078 359 2149 οἱ
381 2080 419 2150 δέ
437 2080 638 2169 πανημέριοι
657 2083 773 2175 μολπῇ
793 2081 877 2149 θεὸν
895 2076 1069 2150 ἱλάσκοντο
1084 2081 1187 2150 καλὸν
1202 2077 1367 2161 ἀείδοντες

198 2186 348 2278 παιήονα
383 2193 499 2274 κοῦροι
525 2183 683 2276 Ἀχαιῶν,
718 2188 902 2275 μέλποντες
922 2185 1109 2276 Ἑκάεργον·
1141 2184 1159 2257 ὅ
1192 2188 1229 2257 δὲ
1263 2187 1366 2281 φρένα

197 2293 323 2386 τέρπετ’
355 2293 494 2366 ἀκούων.
542 2298 595 2366 Ad
626 2299 776 2366 ultimum
808 2301 909 2386 igitur
940 2321 1082 2365 versum:
1112 2291 1289 2365 ἀθετεῖται
1317 2294 1366 2365 ὅτι

200 2400 338 2490 νομίσας
371 2431 422 2486 τις
451 2404 509 2474 τὸν
539 2398 737 2471 Ἀπόλλωνα
774 2404 931 2494 Παιήονα
965 2399 1126 2493 εἰρῆσθαι
1158 2404 1368 2496 προσέθηκεν

199 2509 307 2582 αὐτόν.
350 2509 552 2600 καὶγίνεται
579 2506 786 2598 δισσολογία·
815 2509 1009 2601 προείρηται
1035 2511 1096 2598 γὰρ
1120 2508 1181 2593 ,,οὶ
1207 2510 1245 2580 δέ
1266 2538 1367 2602 πανη-

198 2622 311 2712 μέριοι
330 2623 445 2712 μολπῇ
465 2619 550 2688 θεὸν
573 2608 787 2689 ίλάσκοντο“.
829 2622 901 2689 Hoc
922 2644 1008 2688 nunc
1028 2623 1236 2709 inspicientes
1256 2623 1367 2689 memi-

199 2737 304 2800 nimus
331 2734 459 2820 quidem
486 2733 599 2798 eodem
626 2731 723 2796 modo
749 2731 868 2796 lectum
894 2710 963 2796 esse
991 2755 1010 2796 υ
1031 2730 1203 2796 scholiasta
1223 2730 1368 2816 Dionysii

199 2865 330 2928 gramm.
345 2864 376 2927 p.
394 2846 462 2919 737,
477 2845 495 2907 3
511 2834 616 2903 πάλιν
630 2831 778 2920 ἀλλαχοῦ
792 2833 998 2920 »μέλποντες
1010 2830 1224 2922 (Εκάεργονίί.
1247 2836 1300 2902 δεῖ
1311 2833 1367 2901 τὸν

199 2943 308 3028 στίχον
334 2951 448 3014 τοῦτον
477 2939 648 3030 ἀβελίζειν.
690 2941 847 3027 μένοντος
875 2943 937 3030 γάρ
965 2938 1068 3011 αάτοῦ
1097 2938 1222 3029 γίνεται
1249 2936 1367 3027 ἀκυρος

201 3048 408 3140 δισσολογία·
431 3046 628 3140 προείρηται
648 3049 709 3137 γὰρ
732 3048 792 3132 ,,οὶ
810 3049 847 3118 δέ
860 3048 1063 3139 πανημέριοι
1075 3042 1190 3141 μολπῇ
1203 3050 1286 3118 θεὸν
1299 3044 1367 3117 ίλά-

200 3172 357 3230 σκοντο“;
378 3164 434 3229 sed
455 3166 563 3228 temen
578 3162 716 3227 debebat
731 3162 840 3231 scribi:
862 3155 1058 3247 προείρηται
1078 3157 1141 3244 γὰρ
1156 3156 1286 3238 ,,καλὸν’
1300 3152 1366 3224 ἀεί-

201 3272 312 3349 δοντες
339 3263 517 3357 παιηόνα“.
563 3268 704 3348 Deinde,
733 3268 820 3352 quod
845 3270 985 3355 gravius,
1014 3271 1051 3333 ut
1076 3291 1095 3333 ε
1121 3266 1366 3334 Friedlaendero

199 3381 373 3458 monitum,
403 3383 537 3464 apparet
562 3378 699 3443 alterum
724 3380 924 3443 momentum
945 3376 1099 3442 excidisse
1121 3375 1209 3460 quod
1228 3369 1367 3456 μέλπειν

199 3509 258 3573 pro
280 3479 406 3551 ἀείδειν
428 3487 549 3552 dictum
576 3488 668 3551 esset.
691 3522 730 3534 -
751 3484 874 3550 Licebit
895 3484 995 3570 igitur
1017 3485 1056 3548 de
1076 3482 1281 3549 Aristarchee
1299 3482 1367 3567 opi·

200 3594 297 3659 nione
326 3594 406 3660 haec
432 3595 498 3659 fere
525 3594 637 3660 dicere.
683 3597 712 3677 1)
733 3593 786 3658 Ad
808 3614 878 3658 eam
900 3614 982 3676 quae
1003 3595 1117 3677 postea
1136 3590 1254 3655 horum
1275 3612 1367 3655 voce·

200 3701 349 3766 bulorum
375 3702 439 3768 iam
468 3702 542 3768 inde
573 3703 613 3767 ab
639 3700 783 3767 Hesiodo
809 3700 875 3764 fere
903 3699 972 3765 sole
997 3697 1099 3763 valuit
1120 3697 1314 3784 significatio
1335 3698 1367 3762 in

200 3807 342 3875 Homero
363 3810 460 3876 etiem
482 3809 668 3895 explicando
689 3830 810 3894 pronos
831 3807 1023 3886 inveniebat,
1044 3806 1090 3871 ita
1111 3809 1149 3871 ut
1163 3828 1236 3871 cum
1250 3804 1368 3872 Nausi-

201 3938 290 3981 cuam
310 3915 366 3982 illo
389 3916 462 3983 loco
482 3917 642 4002 Odysseae
663 3914 792 3982 famulis
813 3913 948 4000 μολπῆς
968 3906 1133 3998 ἀρχεσθαι
1153 3913 1301 3999 legerent
1318 3935 1368 3978 oe·

202 4024 317 4091 cinisse
345 4046 399 4089 ees
420 4024 648 4108 intelligerent,
669 4024 751 4090 falso
773 4027 810 4089 ut
829 4022 883 4089 hie
902 4023 995 4088 facile
1017 4023 1157 4108 patebat.
1198 4025 1230 4106 2)
1251 4020 1370 4086 Docuit

202 4133 302 4220 igitur
336 4130 531 4217 primitivum
565 4131 654 4197 vocis
689 4131 958 4217 significationem
992 4153 1061 4197 esse
1090 4129 1198 4215 potius
1225 4127 1367 4194 ludendi:

203 4241 290 4327 quod
311 4262 350 4306 ex
370 4238 525 4305 vocabulo
545 4233 729 4325 μέλπηθρα
750 4262 911 4325 apparere,
933 4240 1012 4304 item
1033 4238 1067 4302 in
1084 4236 1170 4322 pilea
1182 4234 1368 4314 Nuusioooe,

204 4349 340 4435 denique
368 4346 403 4414 in
424 4346 616 4434 quibusdam
644 4345 797 4430 exemplis
820 4345 1000 4413 saltationis
1019 4344 1126 4410 lusum
1150 4342 1368 4419 offerentibus,
