3008 4980
259 335 282 387 4.
309 326 350 386 De
367 328 564 401 grammaticis,
583 327 632 401 qui
651 325 820 388 ἐκστατικαὶ
838 334 868 387 et
884 332 997 389 λυτικοί
1014 330 1083 387 dicti
1100 331 1172 385 sunt.
1243 338 1302 398 211

134 499 221 582 piam
244 522 282 564 ex
296 499 503 584 philosophia
520 521 688 584 perperam
708 499 866 586 invulgati
887 500 1047 585 purgatio,
1069 502 1126 564 aut
1147 497 1304 582 captionis

135 607 328 690 sophisticae
361 606 495 685 salutm,
527 609 583 672 aut
612 607 770 692 inopinati
797 608 990 692 rariorisque
1015 607 1105 671 verbi
1131 605 1305 691 indagatio,

134 717 192 778 aut
212 717 338 798 tempus
360 715 438 779 item
459 715 497 797 (Ρ)
517 714 551 777 in
577 715 675 779 verbo
696 715 866 800 perspicuo
889 714 1178 780 obscurissimum“.
1214 711 1304 796 Ipsas

136 821 340 905 quaestiones
355 821 428 905 plus
441 821 548 885 minus
563 819 658 885 utiles
674 821 729 904 qui
744 822 840 906 cupit,
854 823 883 887 is
898 823 983 907 apud
998 820 1180 907 elegantem
1195 842 1304 884 narra-

134 929 238 992 torem
260 927 330 1012 ipse
353 931 537 1012 cognoscat.
579 926 643 993 Sed
666 950 745 1012 quas
773 933 917 994 veterum
938 932 1107 1014 poetarum
1129 927 1305 993 sententias

134 1034 239 1119 lepide
259 1036 411 1100 obscuras
433 1035 521 1112 dixit,
545 1056 583 1099 ex
604 1035 666 1100 hoc
688 1058 805 1122 genere
825 1038 919 1122 plura
933 1036 1106 1103 Homerica
1127 1035 1212 1119 apud
1226 1033 1305 1098 Plu-

135 1143 281 1207 tarchum
312 1143 554 1226 disceptantur,
580 1165 636 1207 cur
661 1142 822 1209 Nausicaa
853 1167 919 1210 non
947 1145 1070 1210 marina
1100 1144 1156 1208 sed
1183 1140 1306 1206 fluviali

135 1272 219 1333 aqua
233 1250 377 1314 sordidas
392 1249 461 1314 luat
481 1254 585 1315 vestes
601 1251 629 1331 (I
645 1258 664 1318 9
680 1255 712 1334 α)
720 1277 729 1334 ;
752 1274 809 1317 cur
822 1252 965 1318 Achilles
988 1243 1168 1333 ζωρότερον
1188 1247 1306 1334 pocula

135 1356 261 1422 misceri
275 1357 392 1434 iubeat,
415 1358 502 1441 quod
516 1357 627 1422 multis
648 1358 769 1423 bibacis
791 1359 895 1424 visum
917 1364 967 1425 est
987 1357 1030 1440 (V
1044 1360 1090 1441 4);
1108 1379 1164 1422 cur
1180 1351 1303 1441 μηλέαι
1322 1365 1371 1415 214

135 1456 370 1548 ἀγλαόκαρποι
393 1463 435 1545 (V
455 1466 494 1546 8),
517 1486 572 1528 cur
594 1457 810 1541 attractam
832 1466 886 1549 (ib.
910 1470 960 1549 10)
984 1464 1106 1542 dixerit
1128 1463 1207 1528 haec
1227 1485 1303 1548 prae

136 1570 207 1635 aliis
234 1571 376 1656 epitheta
403 1571 540 1657 eligens;
573 1594 722 1638 curcum
744 1576 795 1638 tot
815 1573 936 1658 liquida
958 1573 1043 1656 apud
1063 1576 1194 1655 poetam
1216 1592 1303 1634 com·
1317 1573 1388 1645 (218)

134 1683 352 1743 memorentur
373 1680 407 1743 in
430 1678 502 1744 oleo
523 1680 727 1763 potissimum
749 1680 904 1746 adiectivo
926 1672 1027 1763 όγρόν
1048 1681 1158 1743 ελαίου
1179 1675 1238 1760 (VI
1260 1680 1304 1759 9);

137 1807 210 1849 cum
233 1784 324 1850 Paris
351 1807 385 1850 se
410 1786 570 1852 Helenam
595 1808 736 1871 opesque
761 1787 961 1852 redditurum
988 1786 1201 1872 promisisset,
1228 1784 1256 1848 si
1286 1806 1305 1848 a

136 1891 282 1958 Menelao
303 1893 337 1957 in
359 1893 515 1979 singulari
537 1894 709 1959 certamine
731 1895 834 1959 rictus
855 1895 953 1960 fuerit
975 1896 1019 1976 (Γ
1030 1902 1078 1973 71,
1099 1899 1148 1973 92,
1170 1893 1209 1958 cf.
1228 1897 1306 1976 101),

136 2003 307 2083 postquam
334 2001 437 2066 victus
460 2002 590 2086 quidem
616 2006 701 2066 esset
715 2003 778 2067 sed
799 2024 865 2067 non
887 2025 1010 2081 caesus,
1040 2002 1200 2067 iustamne
1221 2000 1305 2065 hanc

137 2106 269 2172 Troiani
292 2109 529 2174 excusationem
551 2110 637 2193 pacti
658 2109 830 2175 habuerint
852 2108 915 2192 (IX,
933 2114 969 2177 13
982 2110 1053 2192 ¹³¹);
1075 2109 1213 2192 denique
1234 2111 1307 2173 utra

137 2237 234 2279 manu
253 2214 365 2280 Venus
391 2239 410 2281 a
436 2217 593 2282 Diomede
623 2217 789 2283 vulnerata
816 2217 914 2283 fuerit
941 2215 998 2300 (IX
1019 2220 1050 2300 4)
1063 2216 1115 2283 1³².
1158 2216 1306 2283 Comme·

137 2324 258 2388 moravi
287 2346 383 2409 supra
415 2325 526 2409 epulas
553 2348 572 2389 a
601 2325 733 2411 regibus
768 2346 804 2389 ac
834 2324 997 2389 nobilibus
1027 2325 1062 2388 in
1091 2323 1306 2389 litteratorum

138 2431 275 2516 gratiam
296 2434 473 2516 apparatas.
518 2431 569 2497 Ne
596 2434 636 2498 ab
658 2432 832 2497 Alexandri
854 2432 984 2516 quidem
1014 2431 1166 2496 conviviis
1194 2432 1307 2496 doctae

138 2539 342 2622 quaestiones
357 2539 475 2605 afuisse
489 2540 648 2605 videntur.
687 2541 783 2624 Apud
797 2539 1018 2605 Ptolemaeum
1032 2538 1307 2622 Hephaestionem

137 2645 274 2711 Photius
295 2647 337 2731 (p.
362 2654 420 2714 147
442 2670 461 2711 a
482 2652 500 2714 3
522 2648 591 2732 Be.)
612 2647 749 2734 legerat,
777 2643 834 2709 διὰ
862 2639 895 2708 τί
920 2639 938 2711 ό
960 2643 1105 2731 ποιητὴς
1124 2642 1308 2722 πελειάδας

139 2747 276 2840 ἐποίησε
296 2756 356 2837 της
377 2757 503 2841 τροφῆς
520 2757 585 2818 τῶν
606 2756 698 2818 θεῶν
716 2750 891 2830 διακόνους
911 2755 948 2835 (μ
962 2755 1025 2836 62),
1049 2748 1107 2816 καί
1127 2745 1307 2818 τίναἈλέ-

139 2858 278 2945 ξαυδρος
303 2858 321 2925 ὁ
348 2858 505 2944 βασιλεὺς
529 2857 587 2926 καί
609 2853 838 2946 Ἀριστοτέλης
870 2852 917 2936 είς
940 2862 1038 2924 τοῦτο
1065 2848 1169 2927 εἶπον.
1218 2860 1307 2938 Quae

140 2969 269 3052 quidem
290 2968 354 3034 alia
375 2969 542 3034 occasione
564 2973 700 3054 possunt
721 2992 739 3033 a
760 2991 836 3055 rege
854 2968 988 3033 Homeri
1010 2967 1245 3032 studiosissimo
1268 2970 1306 3047 (v.

139 3074 234 3140 Wolf
257 3076 338 3160 prol.
361 3075 557 3156 CLXXXIV,
583 3076 654 3141 add.
676 3076 858 3142 Hemsterh.
878 3075 953 3143 Luc.
981 3074 1052 3142 dial.
1078 3079 1172 3140 mort.
1194 3074 1254 3139 XII
1275 3077 1306 3158 3)

139 3183 263 3267 prolata
285 3205 367 3262 esse,
395 3188 472 3249 sunt
498 3188 606 3249 tamen
626 3183 782 3249 convivah
804 3183 1015 3268 disputationi
1037 3183 1211 3267 aptissima.
1253 3182 1306 3248 Ad

139 3290 397 3357 Ptolemaeorum
410 3291 554 3358 convivia
563 3292 704 3376 pertinet
715 3291 855 3356 narratio
871 3290 910 3355 de
923 3291 1109 3375 quaestione
1122 3313 1140 3355 a
1153 3289 1305 3371 Cumano,

139 3399 225 3484 regis
238 3400 400 3483 pincerna,
422 3400 596 3484 proposita,
617 3399 729 3484 fragm.
745 3403 773 3465 3.
809 3399 905 3483 Apud
919 3397 1129 3463 Plutarchum
1144 3401 1196 3478 (ne
1219 3421 1305 3464 suar.
1348 3392 1350 3396 λ

140 3527 194 3589 qu.
215 3507 278 3571 vivi
298 3512 341 3592 p.)
363 3506 522 3592 Epicurus
552 3507 666 3572 suadet
685 3507 817 3592 regibus
840 3499 1080 3594 φιλομούσοις,
1109 3500 1308 3591 στρατηγικὰ

140 3605 327 3700 διηγήματα
342 3611 399 3680 καί
420 3612 582 3703 φορτικὰς
602 3608 813 3698 βωμολοχίας
831 3612 960 3696 μᾶλλον
979 3607 1160 3695 ὑπομένειν
1182 3609 1216 3678 ἐν
1237 3615 1308 3691 τοῖς

140 3715 340 3803 συμποσίοις
367 3714 390 3808 ί)
413 3714 533 3807 λόγους
558 3720 635 3806 περί
664 3723 834 3805 μουσικῶν
859 3719 917 3788 καί
943 3723 1130 3809 ποιητικῶν
1155 3721 1305 3809 προβλη-

207 3972 244 4014 131
262 3972 301 4029 cf.
321 3973 455 4044 Porphyr.
475 3972 512 4028 ad
529 3974 556 4028 Γ
570 3979 627 4029 276.
649 3979 706 4028 457.

208 4059 245 4100 132
260 4060 294 4112 In
312 4058 422 4113 scholiis
439 4057 538 4112 similia
555 4057 701 4123 multant
721 4061 743 4114 Θ
762 4062 811 4114 328
828 4063 914 4122 ποῖος
933 4048 1013 4126 οἶμος
1028 4056 1164 4131 βέβληται
1169 4079 1179 4123 ,·
1197 4059 1258 4122 cet,
1277 4059 1306 4113 et

140 4142 274 4211 Porphyr.
297 4141 334 4197 ib.
357 4140 391 4198 ἐν
411 4140 529 4206 τούτοις
549 4149 611 4206 τοῖς
633 4136 716 4198 ἔπεσι
737 4149 800 4207 τοῖς
822 4143 891 4211 περὶ
912 4145 966 4196 τοῦ
991 4142 1120 4213 Τεύκρου
1143 4137 1307 4211 εἰρημένοις

141 4228 258 4296 ζητοῦσι
270 4224 359 4284 ποίαν
368 4234 454 4298 χεῖρα
465 4226 616 4295 τέτρωται.
639 4229 666 4281 Λ
679 4232 736 4292 252,
749 4227 799 4282 ubi
811 4228 1004 4296 Agamemnon
1016 4227 1190 4280 vulneratur:
1207 4232 1304 4295 χεῖρα·

140 4312 193 4447 ppt*
210 4301 374 4383 ἀριστεράν,
393 4311 517 4382 καὶγὰρ
534 4307 566 4366 ἐκ
583 4314 626 4384 τῷ
643 4306 788 4382 ἐπιταφίῳ
809 4302 960 4366 αὐὶσταται
977 4305 1079 4365 ἄκοντι
1098 4301 1306 4379 ἀγωνίσασθαι.

190 4399 246 4451 395.
651 4419 653 4424 ·

1052 4480 1099 4532 14*
