3046 4980
232 350 293 412 258
683 342 729 398 IV.
752 342 794 398 De
810 343 948 414 prosodia.

167 521 214 572 261
234 509 388 592 latimque
414 530 519 573 sermo
542 509 681 574 Graecus
708 510 804 575 etiam
830 512 864 574 in
886 533 1090 576 communem
1110 533 1206 576 usum
1227 516 1278 576 sat
1297 511 1400 576 multa

150 615 354 700 (iimrecepit
378 616 479 700 (prov.
505 608 617 701 ἰσότης
644 610 785 704 φιλότης
809 617 944 684 Aristot.
966 617 1043 682 neh.
1064 617 1110 682 lx
1132 624 1164 695 8,
1185 624 1228 701 2).
1268 619 1314 684 Et
1331 619 1398 704 pri-

232 746 320 788 mum
339 723 424 789 facta
445 726 521 787 sunt
540 723 678 807 plurima
699 746 739 789 ex
757 724 922 790 adiectivis
944 725 978 789 in
1000 747 1047 803 ος,
1069 747 1208 810 quorum
1227 726 1398 790 maximam

232 831 358 914 copiam
370 829 465 896 Plato
480 831 589 913 habet,
610 836 644 896 et
661 831 798 897 fortasse
812 832 847 896 in
868 855 1073 898 communem
1091 832 1286 899 Graecorum
1304 855 1398 897 usum

231 937 295 1001 alia
322 959 487 1021 nunquam
513 943 669 1004 venerunt
680 939 730 1002 ¹⁶⁸.
773 938 846 1004 Hoc
878 944 1001 1004 certum
1031 945 1081 1006 est
1106 942 1244 1007 maxime
1272 963 1311 1006 ex
1336 941 1399 1004 hoc

232 1065 350 1130 genere
382 1067 446 1129 quo
478 1047 620 1130 pertinet
650 1045 783 1131 ὀηϊοτης
812 1049 1020 1132 (quamquam
1053 1049 1128 1112 inde
1158 1049 1199 1113 ab
1225 1047 1400 1113 Aristotele

232 1151 330 1216 etiam
354 1172 436 1236 quae
463 1176 482 1218 a
507 1154 716 1220 substantivis
742 1158 820 1220 sunt
844 1159 878 1220 et
897 1155 1013 1220 alia¹⁶⁹
1033 1156 1119 1240 apud
1140 1155 1313 1240 scriptores
1333 1153 1398 1218 fre·

233 1262 441 1342 queritantur)
466 1261 652 1327 Aristarcho
679 1262 720 1326 ad
743 1262 950 1328 iudicandum
975 1264 1143 1349 ingentem
1169 1261 1401 1328 vocabulorum

232 1366 357 1450 copiam
371 1370 498 1451 praesto
513 1366 622 1433 fuisse.
659 1369 774 1434 Omnia
788 1375 957 1435 accentum
971 1371 1155 1436 habuerunt
1168 1371 1203 1434 in
1212 1368 1398 1453 penultima

232 1473 281 1537 De
311 1494 377 1538 uno
407 1468 573 1560 κουφότης
599 1477 795 1560 accepimus,
824 1477 1041 1544 Athenienses
1073 1478 1190 1542 dixisse
1220 1469 1397 1563 κουφοτής,

231 1581 346 1646 Arcad
368 1604 398 1665 p.
419 1586 459 1649 28
480 1587 547 1647 not.
584 1581 670 1660 Quid
689 1585 791 1650 movit
812 1608 887 1651 eum
907 1590 945 1651 ut
966 1579 1102 1673 δηϊοτής
1122 1590 1156 1650 et
1176 1578 1341 1670 όνδροτής
1360 1624 1400 1635 -

232 1711 274 1752 an
295 1681 460 1774 ἁδροτόςῖ
482 1727 519 1738 —
542 1691 621 1774 (non
642 1692 852 1759 dubitandum
866 1695 945 1778 quin
966 1694 1029 1759 hoc
1043 1694 1141 1758 etiam
1162 1694 1209 1758 sio
1229 1693 1401 1774 notaverit)

232 1797 267 1860 in
287 1796 402 1862 ultima
416 1801 564 1864 notaret?
585 1797 715 1866 Scilicet
734 1800 788 1865 hio
801 1805 951 1866 accentus
973 1802 1153 1885 antiquitus
1171 1801 1308 1866 traditus
1321 1803 1400 1866 erat

232 1902 315 1967 Mihi
335 1905 370 1968 in
390 1903 442 1970 his
463 1906 559 1971 rebus
581 1906 721 1972 versanti
740 1907 858 1972 iterum
878 1908 1060 1993 iterumque
1081 1909 1230 1986 occurrit,
1250 1906 1347 1972 etiam
1367 1906 1402 1970 in

233 2010 483 2078 obsoletioribus
504 2013 673 2079 vocabulis
695 2013 838 2098 aliquam
860 2015 899 2080 de
920 2020 1055 2080 accentu
1069 2016 1277 2082 traditionem
1296 2012 1405 2078 fuisse.

231 2117 363 2182 Etenim
384 2120 511 2185 etiamsi
532 2142 691 2207 ponamus
717 2122 753 2186 in
774 2122 918 2187 versibus
939 2125 1112 2190 recitandis
1134 2127 1302 2189 accentum
1327 2142 1406 2186 voce

232 2248 300 2292 non
319 2231 469 2293 notatum
490 2251 574 2309 esse,
603 2251 701 2313 quam
722 2250 818 2313 saepe
840 2233 930 2296 extra
950 2254 1077 2297 versum
1100 2232 1196 2296 etiam
1217 2229 1404 2295 Homerico-

152 2341 223 2414 (271)
235 2357 307 2402 rum
327 2336 556 2402 vocabulorum
576 2336 760 2421 proferendi
782 2337 908 2402 occasio
929 2342 1011 2418 erat,
1039 2340 1158 2423 partim
1180 2359 1288 2404 coram
1309 2337 1405 2402 disci·

232 2443 318 2528 pulis
338 2445 373 2508 in
393 2445 484 2523 ludo,
506 2446 625 2530 partim
644 2446 679 2509 in
698 2443 932 2528 rhapsodorum
955 2449 988 2510 et
1007 2445 1276 2530 philosophorum
1298 2443 1404 2510 conia

233 2551 465 2618 halationibus:
496 2557 534 2617 ut
558 2552 651 2617 facile
672 2552 809 2637 cogitari
838 2551 942 2636 possit
970 2552 1148 2617 multorum
1174 2550 1405 2618 uocabulorum

232 2664 383 2725 accentus
405 2660 496 2744 quasi
518 2682 576 2744 per
596 2681 710 2724 manus
729 2658 866 2723 traditos
889 2681 992 2743 usque
1015 2661 1056 2725 ad
1073 2660 1309 2725 Alexandrinos
1330 2679 1404 2742 per·

168 2777 216 2828 26²
235 2769 367 2837 venisse.
408 2767 487 2854 (cfr.
509 2771 632 2852 quaest.
658 2790 707 2851 ep.
727 2788 758 2850 p.
783 2766 867 2849 175.)
906 2765 952 2831 ut
979 2789 1052 2832 cum
1079 2768 1165 2832 idem
1191 2787 1318 2844 sensus,
1347 2763 1406 2848 qui

233 2876 273 2940 ab
299 2876 392 2941 initio
418 2875 551 2941 vocibus
576 2896 652 2939 suos
673 2877 824 2939 accentus
844 2874 1057 2958 impertierat,
1079 2875 1190 2958 quiin
1212 2871 1405 2957 quibusdam

233 2982 384 3068 aregula
405 2982 577 3058 defecerat,
608 2982 705 3047 etiam
726 2985 840 3065 postea
860 2981 981 3047 valeret
1001 2983 1035 3047 in
1057 2981 1243 3046 hominibus
1266 2978 1405 3054 Graecis,

234 3111 272 3156 eo
293 3091 397 3176 magis
423 3090 464 3154 ad
485 3111 595 3154 verum
616 3092 649 3153 et
670 3089 848 3174 genuinum
869 3088 904 3151 in
924 3088 984 3153 hac
1006 3111 1040 3154 re
1062 3088 1232 3153 inclinasse
1251 3084 1402 3151 censendi

234 3201 322 3261 sunt:
344 3219 539 3281 quamquam
553 3199 681 3281 poterat
702 3195 837 3260 subinde
859 3195 928 3259 fieri
949 3197 1001 3277 (de
1022 3197 1085 3261 hoc
1106 3194 1313 3260 iudicandum
1334 3194 1403 3256 erat

233 3305 454 3388 grammatico)
480 3309 518 3369 ut
542 3304 654 3369 formis
678 3307 783 3368 certae
805 3304 896 3387 genti
921 3304 1112 3389 regionique
1134 3301 1272 3386 propriis
1293 3299 1400 3364 auimo

233 3412 477 3478 obversantibus
503 3413 543 3477 ab
571 3434 623 3490 eo,
651 3411 739 3494 quod
769 3410 904 3494 antiqua
929 3416 962 3476 et
986 3410 1165 3476 eommunis
1191 3409 1244 3474 lex
1269 3412 1302 3471 et
1323 3428 1402 3472 cou-

233 3520 369 3585 suetudo
396 3519 534 3586 Graecae
565 3519 693 3604 linguae
725 3519 886 3601 suaderet,
918 3518 1132 3584 deflecterent.
1162 3553 1203 3563 -
1235 3514 1299 3580 Cur
1326 3535 1401 3579 vero

234 3627 412 3710 antiquitus
435 3628 574 3693 dixerint
599 3618 749 3712 όηϊοτής,
777 3646 838 3710 ego
865 3647 931 3690 non
953 3626 1058 3711 magis
1080 3644 1198 3708 quaero
1224 3645 1322 3706 quam
1346 3642 1404 3686 cur

233 3727 372 3820 ταχυτής
393 3739 425 3800 et
446 3728 612 3819 βραδυτής
632 3737 760 3819 praeter
781 3731 934 3797 similium
955 3732 1101 3817 regulam
1119 3729 1322 3806 invaluerint,
1344 3748 1404 3792 cur

234 3901 363 3973 sippeum
383 3897 573 3972 χαριεντότης
593 3902 706 3970 poterat
722 3898 805 3953 iaeile
824 3897 977 3967 negligere.
1011 3897 1065 3952 Sed
1083 3895 1235 3952 concedam
1252 3892 1333 3948 facile
1350 3909 1403 3947 nee

234 3989 308 4042 hanc
325 3983 501 4057 grammatici
518 4000 633 4039 manum
650 4002 715 4041 esse.
745 3983 813 4054 (Cfr.
831 3981 985 4036 Lobeokius
1002 3980 1040 4035 ad
1056 3980 1218 4035 Buttmann.
1236 3978 1262 4031 Π
1279 3995 1307 4048 p.
1327 3978 1402 4043 418.)

302 4074 340 4115 ¹⁶⁸
354 4063 504 4141 Ἄτδρότης
511 4086 559 4139 ap.
571 4069 723 4123 Homerum
739 4084 796 4121 non
813 4069 924 4122 tantum
941 4068 1057 4136 propter
1074 4067 1203 4129 metrum,
1220 4061 1256 4116 de
1274 4078 1329 4130 quo
1346 4077 1402 4115 uno

233 4156 327 4212 adhue
348 4155 489 4218 dixerunt,
511 4153 687 4208 mirationem
708 4151 784 4206 facit.
824 4150 925 4219 Hymn.
947 4151 1029 4205 Mart.
1053 4155 1084 4205 10
1108 4149 1249 4204 recentem
1270 4147 1402 4209 aetatem,

235 4257 320 4312 quam
336 4239 453 4309 agnovit
469 4239 651 4303 Hermannua
669 4236 765 4306 prodit
782 4234 867 4290 etiam
883 4250 943 4289 voc.
960 4229 1069 4304 βιότης.

302 4327 340 4371 1⁶⁹
357 4323 428 4378 Mira
444 4340 498 4378 vox
515 4322 665 4391 ταύτότης,
682 4320 795 4377 Aristot
812 4318 936 4388 metaph.
952 4336 981 4388 p.
997 4323 1056 4383 101,
1077 4315 1204 4373 1B1and.
1224 4317 1263 4384 (p.
1276 4315 1347 4370 9951)
1358 4317 1399 4368 21.

291 4416 322 4460 is
339 4417 354 4467 7
370 4408 445 4478 Be).
463 4405 530 4463 dein
546 4405 623 4476 apud
636 4404 714 4480 alios.
809 4473 812 4479 1
1134 4450 1138 4454 Α
