<?xml version="1.0" encoding="UTF-8"?>
<!DOCTYPE html PUBLIC "-//W3C//DTD XHTML 1.0 Transitional//EN"
    "http://www.w3.org/TR/xhtml1/DTD/xhtml1-transitional.dtd">
<html xmlns="http://www.w3.org/1999/xhtml" xml:lang="en" lang="en">
 <head>
  <title>
</title>
<meta http-equiv="Content-Type" content="text/html;charset=utf-8" />
  <meta name='ocr-system' content='tesseract 3.04.00' />
  <meta name='ocr-capabilities' content='ocr_page ocr_carea ocr_par ocr_line ocrx_word'/>
</head>
<body>
  <div class='ocr_page' id='page_1' title='image "./dearistarchistu01lehrgoog/dearistarchistu01lehrgoog_0175.png"; bbox 0 0 3008 4980; ppageno 0'>
   <div class='ocr_carea' id='block_1_1' title="bbox 220 308 1308 380">
    <p class='ocr_par' dir='ltr' id='par_1_1' title="bbox 220 308 1308 380">
     <span class='ocr_line' id='line_1_1' title="bbox 220 308 1308 380; baseline -0.001 -16"><span class='ocrx_word' id='word_1_1' title='bbox 220 317 278 380; x_wconf 75' lang='lat'>160</span> <span class='ocrx_word' id='word_1_2' title='bbox 300 309 334 363; x_wconf 89' lang='grc' dir='ltr'>Π.</span> <span class='ocrx_word' id='word_1_3' title='bbox 360 309 402 364; x_wconf 84' lang='lat' dir='ltr'>De</span> <span class='ocrx_word' id='word_1_4' title='bbox 422 308 602 364; x_wconf 85' lang='lat' dir='ltr'>Aristarchea</span> <span class='ocrx_word' id='word_1_5' title='bbox 619 309 817 365; x_wconf 87' lang='lat' dir='ltr'>vocabulorum</span> <span class='ocrx_word' id='word_1_6' title='bbox 835 309 1047 366; x_wconf 90' lang='lat' dir='ltr'>Homericorum</span> <span class='ocrx_word' id='word_1_7' title='bbox 1062 308 1308 380; x_wconf 88' lang='lat' dir='ltr'>interpretatione.</span> 
     </span>
    </p>
   </div>
   <div class='ocr_carea' id='block_1_2' title="bbox 46 469 1390 4438">
    <p class='ocr_par' dir='ltr' id='par_1_2' title="bbox 215 469 1390 1099">
     <span class='ocr_line' id='line_1_2' title="bbox 216 469 1390 564; baseline -0.005 -21"><span class='ocrx_word' id='word_1_8' title='bbox 216 498 246 560; x_wconf 89' lang='lat' dir='ltr'>p.</span> <span class='ocrx_word' id='word_1_9' title='bbox 268 482 338 544; x_wconf 78' lang='grc'><strong>240.</strong></span> <span class='ocrx_word' id='word_1_10' title='bbox 373 476 443 543; x_wconf 82' lang='grc' dir='ltr'>Νοο</span> <span class='ocrx_word' id='word_1_11' title='bbox 467 481 499 540; x_wconf 87' lang='lat' dir='ltr'><em>X</em></span> <span class='ocrx_word' id='word_1_12' title='bbox 520 482 588 556; x_wconf 82' lang='lat'><strong>127,</strong></span> <span class='ocrx_word' id='word_1_13' title='bbox 609 478 649 542; x_wconf 85' lang='lat' dir='ltr'>ad</span> <span class='ocrx_word' id='word_1_14' title='bbox 672 500 768 562; x_wconf 91' lang='lat' dir='ltr'>quem</span> <span class='ocrx_word' id='word_1_15' title='bbox 788 479 896 545; x_wconf 92' lang='lat' dir='ltr'>locum</span> <span class='ocrx_word' id='word_1_16' title='bbox 916 479 971 544; x_wconf 89' lang='lat' dir='ltr'>ille</span> <span class='ocrx_word' id='word_1_17' title='bbox 991 469 1212 564; x_wconf 73' lang='lat' dir='ltr'>provocaturi</span> <span class='ocrx_word' id='word_1_18' title='bbox 1235 471 1299 558; x_wconf 89' lang='grc' dir='ltr'>μέν</span> <span class='ocrx_word' id='word_1_19' title='bbox 1320 495 1390 550; x_wconf 92' lang='grc' dir='ltr'><strong><em>πως</em></strong></span> 
     </span>
     <span class='ocr_line' id='line_1_3' title="bbox 215 576 1390 677; baseline 0 -31"><span class='ocrx_word' id='word_1_20' title='bbox 215 585 271 646; x_wconf 80' lang='grc' dir='ltr'>νῦν</span> <span class='ocrx_word' id='word_1_21' title='bbox 286 579 374 648; x_wconf 77' lang='grc' dir='ltr'><strong><em>ἐστιν</em></strong></span> <span class='ocrx_word' id='word_1_22' title='bbox 389 576 459 650; x_wconf 87' lang='grc' dir='ltr'>ἀπὸ</span> <span class='ocrx_word' id='word_1_23' title='bbox 483 581 582 677; x_wconf 76' lang='grc' dir='ltr'><strong><em>δρυὸς</em></strong></span> <span class='ocrx_word' id='word_1_24' title='bbox 603 578 676 651; x_wconf 85' lang='grc' dir='ltr'>οόδ’</span> <span class='ocrx_word' id='word_1_25' title='bbox 693 579 762 650; x_wconf 87' lang='grc' dir='ltr'>ἀπὸ</span> <span class='ocrx_word' id='word_1_26' title='bbox 784 581 906 672; x_wconf 78' lang='grc' dir='ltr'><strong><em>πέτρης</em></strong></span> <span class='ocrx_word' id='word_1_27' title='bbox 925 588 972 671; x_wconf 74' lang='grc' dir='ltr'><strong><em>τῷ</em></strong></span> <span class='ocrx_word' id='word_1_28' title='bbox 993 579 1207 672; x_wconf 79' lang='grc' dir='ltr'><strong><em>ὀαριζέμεναι</em></strong></span> <span class='ocrx_word' id='word_1_29' title='bbox 1229 577 1289 647; x_wconf 75' lang='lat' dir='ltr'>iias</span> <span class='ocrx_word' id='word_1_30' title='bbox 1307 603 1390 666; x_wconf 90' lang='grc' dir='ltr'><strong><em>παρ-</em></strong></span> 
     </span>
     <span class='ocr_line' id='line_1_4' title="bbox 216 684 1389 781; baseline 0 -27"><span class='ocrx_word' id='word_1_31' title='bbox 216 687 318 768; x_wconf 77' lang='grc' dir='ltr'><strong><em>θένος</em></strong></span> <span class='ocrx_word' id='word_1_32' title='bbox 331 684 453 778; x_wconf 73' lang='grc' dir='ltr'><strong><em>ήίδεός</em></strong></span> <span class='ocrx_word' id='word_1_33' title='bbox 465 715 511 770; x_wconf 88' lang='grc' dir='ltr'>τε,</span> <span class='ocrx_word' id='word_1_34' title='bbox 535 688 708 777; x_wconf 74' lang='grc' dir='ltr'><strong><em>παρθένος</em></strong></span> <span class='ocrx_word' id='word_1_35' title='bbox 721 687 843 781; x_wconf 72' lang='grc' dir='ltr'><strong><em>ήίδεός</em></strong></span> <span class='ocrx_word' id='word_1_36' title='bbox 857 686 883 757; x_wconf 92' lang='grc' dir='ltr'><strong><em>τ’</em></strong></span> <span class='ocrx_word' id='word_1_37' title='bbox 900 685 1070 777; x_wconf 78' lang='grc' dir='ltr'><strong><em>ὀαρίζετον</em></strong></span> <span class='ocrx_word' id='word_1_38' title='bbox 1085 684 1278 778; x_wconf 73' lang='grc' dir='ltr'><strong><em>ἀλλήλοιιν,</em></strong></span> <span class='ocrx_word' id='word_1_39' title='bbox 1297 689 1389 756; x_wconf 82' lang='lat' dir='ltr'>aliter</span> 
     </span>
     <span class='ocr_line' id='line_1_5' title="bbox 217 800 1388 886; baseline -0.001 -22"><span class='ocrx_word' id='word_1_40' title='bbox 217 801 366 884; x_wconf 86' lang='lat' dir='ltr'>explicari</span> <span class='ocrx_word' id='word_1_41' title='bbox 393 804 502 886; x_wconf 91' lang='lat' dir='ltr'>potest</span> <span class='ocrx_word' id='word_1_42' title='bbox 528 823 625 885; x_wconf 88' lang='lat' dir='ltr'>quam</span> <span class='ocrx_word' id='word_1_43' title='bbox 651 822 741 880; x_wconf 86' lang='lat' dir='ltr'>„cum</span> <span class='ocrx_word' id='word_1_44' title='bbox 759 801 816 867; x_wconf 94' lang='lat' dir='ltr'>illo</span> <span class='ocrx_word' id='word_1_45' title='bbox 839 801 981 886; x_wconf 89' lang='lat' dir='ltr'>colloqui</span> <span class='ocrx_word' id='word_1_46' title='bbox 1003 801 1111 886; x_wconf 87' lang='lat' dir='ltr'>qualia</span> <span class='ocrx_word' id='word_1_47' title='bbox 1131 800 1388 884; x_wconf 83' lang='lat' dir='ltr'>colloquuntur.“</span> 
     </span>
     <span class='ocr_line' id='line_1_6' title="bbox 216 903 1387 994; baseline -0.001 -22"><span class='ocrx_word' id='word_1_48' title='bbox 216 907 423 974; x_wconf 86' lang='lat' dir='ltr'>Recentiores</span> <span class='ocrx_word' id='word_1_49' title='bbox 439 908 520 994; x_wconf 86' lang='lat' dir='ltr'>epici</span> <span class='ocrx_word' id='word_1_50' title='bbox 536 903 666 992; x_wconf 74' lang='lat' dir='ltr'>diaspro</span> <span class='ocrx_word' id='word_1_51' title='bbox 686 909 837 975; x_wconf 89' lang='lat' dir='ltr'>adverbio</span> <span class='ocrx_word' id='word_1_52' title='bbox 851 909 1066 994; x_wconf 78' lang='lat' dir='ltr'>frequentant,</span> <span class='ocrx_word' id='word_1_53' title='bbox 1087 931 1113 975; x_wconf 91' lang='lat' dir='ltr'>e.</span> <span class='ocrx_word' id='word_1_54' title='bbox 1129 929 1162 992; x_wconf 87' lang='lat' dir='ltr'>g.</span> <span class='ocrx_word' id='word_1_55' title='bbox 1178 929 1253 973; x_wconf 92' lang='lat' dir='ltr'>cum</span> <span class='ocrx_word' id='word_1_56' title='bbox 1274 906 1387 973; x_wconf 79' lang='lat' dir='ltr'>similia</span> 
     </span>
     <span class='ocr_line' id='line_1_7' title="bbox 215 1019 414 1099; baseline -0.005 -19"><span class='ocrx_word' id='word_1_57' title='bbox 215 1019 351 1099; x_wconf 89' lang='lat' dir='ltr'>ponunt.</span> <span class='ocrx_word' id='word_1_58' title='bbox 373 1053 414 1063; x_wconf 90' lang='lat'><em>-</em></span> 
     </span>
    </p>

    <p class='ocr_par' dir='ltr' id='par_1_3' title="bbox 216 1108 1386 1642">
     <span class='ocr_line' id='line_1_8' title="bbox 299 1108 1386 1209; baseline -0.005 -19"><span class='ocrx_word' id='word_1_59' title='bbox 299 1123 363 1190; x_wconf 84' lang='lat' dir='ltr'>Sed</span> <span class='ocrx_word' id='word_1_60' title='bbox 376 1124 423 1189; x_wconf 91' lang='lat' dir='ltr'>rei</span> <span class='ocrx_word' id='word_1_61' title='bbox 438 1146 496 1209; x_wconf 88' lang='lat' dir='ltr'>per</span> <span class='ocrx_word' id='word_1_62' title='bbox 518 1147 552 1190; x_wconf 85' lang='lat' dir='ltr'>se</span> <span class='ocrx_word' id='word_1_63' title='bbox 573 1108 717 1189; x_wconf 85' lang='lat' dir='ltr'>infinitae</span> <span class='ocrx_word' id='word_1_64' title='bbox 739 1125 908 1209; x_wconf 90' lang='lat' dir='ltr'>ponendus</span> <span class='ocrx_word' id='word_1_65' title='bbox 930 1129 980 1191; x_wconf 85' lang='lat' dir='ltr'>est</span> <span class='ocrx_word' id='word_1_66' title='bbox 999 1124 1123 1189; x_wconf 88' lang='lat' dir='ltr'>modus.</span> <span class='ocrx_word' id='word_1_67' title='bbox 1161 1121 1269 1200; x_wconf 80' lang='lat' dir='ltr'>Quare</span> <span class='ocrx_word' id='word_1_68' title='bbox 1289 1142 1330 1187; x_wconf 86' lang='lat' dir='ltr'>ex</span> <span class='ocrx_word' id='word_1_69' title='bbox 1343 1120 1386 1199; x_wconf 86' lang='lat' dir='ltr'>iis,</span> 
     </span>
     <span class='ocr_line' id='line_1_9' title="bbox 218 1229 1386 1316; baseline 0 -22"><span class='ocrx_word' id='word_1_70' title='bbox 218 1231 256 1295; x_wconf 90' lang='lat' dir='ltr'>de</span> <span class='ocrx_word' id='word_1_71' title='bbox 278 1231 394 1315; x_wconf 88' lang='lat' dir='ltr'>quibus</span> <span class='ocrx_word' id='word_1_72' title='bbox 414 1254 510 1316; x_wconf 88' lang='lat' dir='ltr'>supra</span> <span class='ocrx_word' id='word_1_73' title='bbox 532 1231 710 1299; x_wconf 75' lang='lat' dir='ltr'>Aristarchi</span> <span class='ocrx_word' id='word_1_74' title='bbox 732 1232 972 1298; x_wconf 84' lang='lat' dir='ltr'>observationes</span> <span class='ocrx_word' id='word_1_75' title='bbox 992 1230 1220 1310; x_wconf 85' lang='lat' dir='ltr'>recensuimus,</span> <span class='ocrx_word' id='word_1_76' title='bbox 1241 1229 1306 1294; x_wconf 89' lang='lat' dir='ltr'>tria</span> <span class='ocrx_word' id='word_1_77' title='bbox 1317 1232 1386 1294; x_wconf 87' lang='lat' dir='ltr'>tan·</span> 
     </span>
     <span class='ocr_line' id='line_1_10' title="bbox 216 1336 1385 1431; baseline -0.002 -29"><span class='ocrx_word' id='word_1_78' title='bbox 216 1359 304 1422; x_wconf 85' lang='lat' dir='ltr'>gam:</span> <span class='ocrx_word' id='word_1_79' title='bbox 325 1342 395 1403; x_wconf 90' lang='lat' dir='ltr'>tum</span> <span class='ocrx_word' id='word_1_80' title='bbox 405 1339 500 1431; x_wconf 65' lang='lat' dir='ltr'>,hanc</span> <span class='ocrx_word' id='word_1_81' title='bbox 521 1340 780 1407; x_wconf 77' lang='lat' dir='ltr'>dissertationem</span> <span class='ocrx_word' id='word_1_82' title='bbox 801 1338 999 1406; x_wconf 89' lang='lat' dir='ltr'>concludam.</span> <span class='ocrx_word' id='word_1_83' title='bbox 1040 1337 1130 1402; x_wconf 89' lang='lat' dir='ltr'>Haec</span> <span class='ocrx_word' id='word_1_84' title='bbox 1148 1341 1247 1403; x_wconf 88' lang='lat' dir='ltr'>sunto</span> <span class='ocrx_word' id='word_1_85' title='bbox 1270 1336 1385 1424; x_wconf 84' lang='grc' dir='ltr'><strong><em>φοβεί-</em></strong></span> 
     </span>
     <span class='ocr_line' id='line_1_11' title="bbox 217 1440 1386 1535; baseline -0.001 -25"><span class='ocrx_word' id='word_1_86' title='bbox 217 1448 313 1522; x_wconf 65' lang='lat' dir='ltr'>aaut,</span> <span class='ocrx_word' id='word_1_87' title='bbox 337 1447 443 1530; x_wconf 77' lang='grc' dir='ltr'><strong><em>σῶμα,</em></strong></span> <span class='ocrx_word' id='word_1_88' title='bbox 467 1440 550 1523; x_wconf 88' lang='grc' dir='ltr'><strong><em>δαίς.</em></strong></span> <span class='ocrx_word' id='word_1_89' title='bbox 582 1446 621 1513; x_wconf 91' lang='lat' dir='ltr'>In</span> <span class='ocrx_word' id='word_1_90' title='bbox 636 1451 824 1535; x_wconf 70' lang='grc' dir='ltr'><strong><em>φοβεῖσθαι</em></strong></span> <span class='ocrx_word' id='word_1_91' title='bbox 840 1451 873 1514; x_wconf 85' lang='lat' dir='ltr'>et</span> <span class='ocrx_word' id='word_1_92' title='bbox 886 1450 980 1531; x_wconf 82' lang='grc' dir='ltr'><strong><em>σῶμα</em></strong></span> <span class='ocrx_word' id='word_1_93' title='bbox 994 1447 1120 1512; x_wconf 91' lang='lat' dir='ltr'>tantum</span> <span class='ocrx_word' id='word_1_94' title='bbox 1139 1465 1271 1511; x_wconf 89' lang='lat' dir='ltr'>necesse</span> <span class='ocrx_word' id='word_1_95' title='bbox 1293 1465 1386 1529; x_wconf 85' lang='lat' dir='ltr'>qnae·</span> 
     </span>
     <span class='ocr_line' id='line_1_12' title="bbox 216 1547 1384 1642; baseline -0.005 -24"><span class='ocrx_word' id='word_1_96' title='bbox 216 1554 289 1618; x_wconf 89' lang='lat' dir='ltr'>dam</span> <span class='ocrx_word' id='word_1_97' title='bbox 319 1554 482 1638; x_wconf 87' lang='lat' dir='ltr'>epicorum</span> <span class='ocrx_word' id='word_1_98' title='bbox 512 1575 641 1639; x_wconf 89' lang='lat' dir='ltr'>ponere.</span> <span class='ocrx_word' id='word_1_99' title='bbox 693 1557 919 1642; x_wconf 70' lang='grc' dir='ltr'><strong><em>φοβεῖσθαι</em></strong></span> <span class='ocrx_word' id='word_1_100' title='bbox 946 1547 994 1640; x_wconf 92' lang='grc' dir='ltr'>μή</span> <span class='ocrx_word' id='word_1_101' title='bbox 1024 1552 1133 1631; x_wconf 84' lang='lat' dir='ltr'>Quint.</span> <span class='ocrx_word' id='word_1_102' title='bbox 1164 1550 1230 1618; x_wconf 86' lang='lat' dir='ltr'>Sm.</span> <span class='ocrx_word' id='word_1_103' title='bbox 1259 1552 1293 1615; x_wconf 89' lang='grc' dir='ltr'><em>Δ</em></span> <span class='ocrx_word' id='word_1_104' title='bbox 1319 1556 1384 1619; x_wconf 87' lang='grc'><strong>484.</strong></span> 
     </span>
    </p>

    <p class='ocr_par' dir='ltr' id='par_1_4' title="bbox 135 1653 1386 2389">
     <span class='ocr_line' id='line_1_13' title="bbox 135 1653 1386 1749; baseline -0.002 -25"><span class='ocrx_word' id='word_1_105' title='bbox 135 1670 205 1741; x_wconf 81' lang='grc'><strong>(164)</strong></span> <span class='ocrx_word' id='word_1_106' title='bbox 216 1660 299 1727; x_wconf 89' lang='lat' dir='ltr'>Item</span> <span class='ocrx_word' id='word_1_107' title='bbox 325 1665 356 1724; x_wconf 92' lang='grc' dir='ltr'><em>Β</em></span> <span class='ocrx_word' id='word_1_108' title='bbox 377 1666 396 1728; x_wconf 89' lang='grc'><strong>6</strong></span> <span class='ocrx_word' id='word_1_109' title='bbox 423 1657 497 1726; x_wconf 77' lang='grc' dir='ltr'><strong><em>ἐπεὶ</em></strong></span> <span class='ocrx_word' id='word_1_110' title='bbox 525 1655 650 1749; x_wconf 91' lang='grc' dir='ltr'><strong><em>φόβος</em></strong></span> <span class='ocrx_word' id='word_1_111' title='bbox 671 1655 793 1745; x_wconf 81' lang='grc' dir='ltr'><strong><em>έλλαβε</em></strong></span> <span class='ocrx_word' id='word_1_112' title='bbox 812 1655 953 1741; x_wconf 79' lang='grc' dir='ltr'><strong><em>πάντας,</em></strong></span> <span class='ocrx_word' id='word_1_113' title='bbox 980 1659 1026 1748; x_wconf 83' lang='grc' dir='ltr'>μή</span> <span class='ocrx_word' id='word_1_114' title='bbox 1048 1654 1157 1746; x_wconf 88' lang='grc' dir='ltr'><strong><em>δήπον</em></strong></span> <span class='ocrx_word' id='word_1_115' title='bbox 1178 1653 1266 1743; x_wconf 89' lang='grc' dir='ltr'><strong><em>μέγα</em></strong></span> <span class='ocrx_word' id='word_1_116' title='bbox 1285 1659 1386 1738; x_wconf 84' lang='grc' dir='ltr'><strong><em>τεῖχος</em></strong></span> 
     </span>
     <span class='ocr_line' id='line_1_14' title="bbox 212 1759 1384 1858; baseline -0.003 -23"><span class='ocrx_word' id='word_1_117' title='bbox 212 1761 388 1855; x_wconf 73' lang='grc' dir='ltr'><strong><em>δπερθόρη</em></strong></span> <span class='ocrx_word' id='word_1_118' title='bbox 422 1759 563 1852; x_wconf 88' lang='grc' dir='ltr'><strong><em>ὀβριμος</em></strong></span> <span class='ocrx_word' id='word_1_119' title='bbox 590 1762 682 1856; x_wconf 86' lang='grc' dir='ltr'><strong><em>ἀνήρ.</em></strong></span> <span class='ocrx_word' id='word_1_120' title='bbox 731 1771 812 1837; x_wconf 74' lang='lat' dir='ltr'>(lum</span> <span class='ocrx_word' id='word_1_121' title='bbox 841 1770 985 1858; x_wconf 84' lang='lat' dir='ltr'>genitivo</span> <span class='ocrx_word' id='word_1_122' title='bbox 1018 1768 1085 1834; x_wconf 89' lang='lat' dir='ltr'>eius</span> <span class='ocrx_word' id='word_1_123' title='bbox 1119 1766 1207 1852; x_wconf 91' lang='lat' dir='ltr'>quod</span> <span class='ocrx_word' id='word_1_124' title='bbox 1238 1767 1384 1833; x_wconf 88' lang='lat' dir='ltr'>timemus</span> 
     </span>
     <span class='ocr_line' id='line_1_15' title="bbox 215 1867 1384 1964; baseline -0.015 -11"><span class='ocrx_word' id='word_1_125' title='bbox 215 1870 332 1964; x_wconf 71' lang='grc' dir='ltr'><strong><em>φόβος·</em></strong></span> <span class='ocrx_word' id='word_1_126' title='bbox 368 1875 449 1960; x_wconf 90' lang='lat' dir='ltr'>Opp.</span> <span class='ocrx_word' id='word_1_127' title='bbox 464 1874 538 1943; x_wconf 89' lang='lat' dir='ltr'>Hal.</span> <span class='ocrx_word' id='word_1_128' title='bbox 553 1880 591 1941; x_wconf 83' lang='lat' dir='ltr'><em>A</em></span> <span class='ocrx_word' id='word_1_129' title='bbox 605 1883 666 1947; x_wconf 83' lang='lat'>203</span> <span class='ocrx_word' id='word_1_130' title='bbox 681 1868 727 1956; x_wconf 78' lang='grc' dir='ltr'><strong><em>άίς</em></strong></span> <span class='ocrx_word' id='word_1_131' title='bbox 741 1871 802 1963; x_wconf 82' lang='grc' dir='ltr'><strong><em>οἵγ’</em></strong></span> <span class='ocrx_word' id='word_1_132' title='bbox 822 1869 1045 1961; x_wconf 78' lang='grc' dir='ltr'><strong><em>ὠκυπόροισιν</em></strong></span> <span class='ocrx_word' id='word_1_133' title='bbox 1064 1867 1119 1940; x_wconf 82' lang='grc' dir='ltr'><strong><em>ἀεὶ</em></strong></span> <span class='ocrx_word' id='word_1_134' title='bbox 1136 1872 1268 1961; x_wconf 80' lang='grc' dir='ltr'><strong><em>νήεσσιν</em></strong></span> <span class='ocrx_word' id='word_1_135' title='bbox 1288 1868 1384 1938; x_wconf 72' lang='grc' dir='ltr'><strong><em>ἕπον-</em></strong></span> 
     </span>
     <span class='ocr_line' id='line_1_16' title="bbox 214 1974 1382 2074; baseline -0.003 -27"><span class='ocrx_word' id='word_1_136' title='bbox 214 2007 280 2060; x_wconf 87' lang='grc' dir='ltr'><strong><em>ται,</em></strong></span> <span class='ocrx_word' id='word_1_137' title='bbox 310 1974 384 2068; x_wconf 86' lang='grc' dir='ltr'><strong><em>ὀφρ’</em></strong></span> <span class='ocrx_word' id='word_1_138' title='bbox 409 1974 499 2060; x_wconf 85' lang='grc' dir='ltr'><strong><em>οότις</em></strong></span> <span class='ocrx_word' id='word_1_139' title='bbox 520 1978 615 2070; x_wconf 88' lang='grc' dir='ltr'><strong><em>γαίης</em></strong></span> <span class='ocrx_word' id='word_1_140' title='bbox 636 1979 728 2049; x_wconf 88' lang='grc' dir='ltr'><strong><em>ε’λάει</em></strong></span> <span class='ocrx_word' id='word_1_141' title='bbox 750 1979 868 2074; x_wconf 89' lang='grc' dir='ltr'><strong><em>φόβος.</em></strong></span> <span class='ocrx_word' id='word_1_142' title='bbox 908 1984 991 2051; x_wconf 88' lang='lat' dir='ltr'>Item</span> <span class='ocrx_word' id='word_1_143' title='bbox 1012 1977 1120 2072; x_wconf 85' lang='grc' dir='ltr'><strong><em>φόβος</em></strong></span> <span class='ocrx_word' id='word_1_144' title='bbox 1140 1982 1240 2048; x_wconf 88' lang='lat' dir='ltr'>timor</span> <span class='ocrx_word' id='word_1_145' title='bbox 1259 1982 1299 2047; x_wconf 88' lang='lat' dir='ltr'><em>A</em></span> <span class='ocrx_word' id='word_1_146' title='bbox 1319 1987 1382 2048; x_wconf 90' lang='grc'><strong>741.</strong></span> 
     </span>
     <span class='ocr_line' id='line_1_17' title="bbox 216 2084 1383 2177; baseline -0.004 -19"><span class='ocrx_word' id='word_1_147' title='bbox 216 2096 285 2158; x_wconf 87' lang='grc'><strong>746.</strong></span> <span class='ocrx_word' id='word_1_148' title='bbox 307 2093 338 2153; x_wconf 89' lang='grc' dir='ltr'>,Γ</span> <span class='ocrx_word' id='word_1_149' title='bbox 359 2095 417 2158; x_wconf 86' lang='grc'>160</span> <span class='ocrx_word' id='word_1_150' title='bbox 439 2094 472 2155; x_wconf 90' lang='lat' dir='ltr'>et</span> <span class='ocrx_word' id='word_1_151' title='bbox 493 2092 629 2176; x_wconf 88' lang='lat' dir='ltr'>saepius.</span> <span class='ocrx_word' id='word_1_152' title='bbox 651 2133 691 2144; x_wconf 92' lang='lat'><em>-</em></span> <span class='ocrx_word' id='word_1_153' title='bbox 711 2095 741 2155; x_wconf 85' lang='grc' dir='ltr'><em>Σ</em></span> <span class='ocrx_word' id='word_1_154' title='bbox 745 2098 836 2175; x_wconf 83' lang='grc' dir='ltr'><strong><em>ῶμα.</em></strong></span> <span class='ocrx_word' id='word_1_155' title='bbox 864 2092 940 2159; x_wconf 91' lang='lat' dir='ltr'>Hcs.</span> <span class='ocrx_word' id='word_1_156' title='bbox 963 2093 1023 2177; x_wconf 88' lang='lat' dir='ltr'>Op.</span> <span class='ocrx_word' id='word_1_157' title='bbox 1045 2098 1106 2159; x_wconf 92' lang='grc'>540</span> <span class='ocrx_word' id='word_1_158' title='bbox 1127 2086 1188 2176; x_wconf 88' lang='grc' dir='ltr'><strong><em>τήν</em></strong></span> <span class='ocrx_word' id='word_1_159' title='bbox 1209 2084 1383 2175; x_wconf 83' lang='grc' dir='ltr'><strong><em>περιέσσα-</em></strong></span> 
     </span>
     <span class='ocr_line' id='line_1_18' title="bbox 215 2188 1382 2288; baseline 0.001 -26"><span class='ocrx_word' id='word_1_160' title='bbox 215 2200 315 2275; x_wconf 71' lang='grc' dir='ltr'><strong><em>σθαι,</em></strong></span> <span class='ocrx_word' id='word_1_161' title='bbox 346 2196 401 2261; x_wconf 79' lang='grc' dir='ltr'>ἵνα</span> <span class='ocrx_word' id='word_1_162' title='bbox 426 2220 479 2262; x_wconf 92' lang='grc' dir='ltr'><strong><em>τοι</em></strong></span> <span class='ocrx_word' id='word_1_163' title='bbox 504 2193 610 2283; x_wconf 84' lang='grc' dir='ltr'><strong><em>τρίχες</em></strong></span> <span class='ocrx_word' id='word_1_164' title='bbox 631 2192 815 2284; x_wconf 77' lang='grc' dir='ltr'><strong><em>ἀτρεμέωσι</em></strong></span> <span class='ocrx_word' id='word_1_165' title='bbox 835 2194 914 2288; x_wconf 92' lang='grc' dir='ltr'><strong><em>μηδ’</em></strong></span> <span class='ocrx_word' id='word_1_166' title='bbox 939 2192 1045 2282; x_wconf 80' lang='grc' dir='ltr'><strong><em>ὀρθαὶ</em></strong></span> <span class='ocrx_word' id='word_1_167' title='bbox 1065 2192 1251 2284; x_wconf 89' lang='grc' dir='ltr'><strong><em>φρίσσωσιν</em></strong></span> <span class='ocrx_word' id='word_1_168' title='bbox 1273 2188 1382 2281; x_wconf 86' lang='grc' dir='ltr'><strong><em>ἀειρό-</em></strong></span> 
     </span>
     <span class='ocr_line' id='line_1_19' title="bbox 214 2296 1382 2389; baseline 0.001 -20"><span class='ocrx_word' id='word_1_169' title='bbox 214 2328 313 2387; x_wconf 92' lang='grc' dir='ltr'><strong><em>μεναι</em></strong></span> <span class='ocrx_word' id='word_1_170' title='bbox 343 2303 427 2369; x_wconf 86' lang='grc' dir='ltr'><strong><em>κατὰ</em></strong></span> <span class='ocrx_word' id='word_1_171' title='bbox 455 2309 561 2388; x_wconf 81' lang='grc' dir='ltr'><strong><em>σῶμα.</em></strong></span> <span class='ocrx_word' id='word_1_172' title='bbox 607 2306 679 2374; x_wconf 89' lang='grc' dir='ltr'>Ηοο</span> <span class='ocrx_word' id='word_1_173' title='bbox 704 2307 866 2376; x_wconf 88' lang='lat' dir='ltr'>Homerus</span> <span class='ocrx_word' id='word_1_174' title='bbox 895 2308 1029 2375; x_wconf 84' lang='lat' dir='ltr'>dixisset</span> <span class='ocrx_word' id='word_1_175' title='bbox 1053 2298 1122 2370; x_wconf 86' lang='grc' dir='ltr'><strong><em>κατ’</em></strong></span> <span class='ocrx_word' id='word_1_176' title='bbox 1152 2296 1263 2370; x_wconf 79' lang='grc' dir='ltr'><strong><em>αὐτόν.</em></strong></span> <span class='ocrx_word' id='word_1_177' title='bbox 1306 2305 1382 2389; x_wconf 88' lang='lat' dir='ltr'>Opp</span> 
     </span>
    </p>

    <p class='ocr_par' dir='ltr' id='par_1_5' title="bbox 46 2405 1385 4438">
     <span class='ocr_line' id='line_1_20' title="bbox 150 2405 1383 2498; baseline -0.007 -15"><span class='ocrx_word' id='word_1_178' title='bbox 150 2413 287 2485; x_wconf 80' lang='lat' dir='ltr'>161Hal</span> <span class='ocrx_word' id='word_1_179' title='bbox 309 2416 340 2476; x_wconf 92' lang='grc' dir='ltr'>Γ</span> <span class='ocrx_word' id='word_1_180' title='bbox 352 2420 410 2481; x_wconf 88' lang='grc'>001</span> <span class='ocrx_word' id='word_1_181' title='bbox 432 2412 599 2479; x_wconf 86' lang='grc' dir='ltr'><strong><em>σκολιοῒσι</em></strong></span> <span class='ocrx_word' id='word_1_182' title='bbox 622 2408 653 2479; x_wconf 84' lang='grc' dir='ltr'>δ’</span> <span class='ocrx_word' id='word_1_183' title='bbox 677 2411 894 2482; x_wconf 80' lang='grc' dir='ltr'><strong><em>ἐπαΐσσοοσιν</em></strong></span> <span class='ocrx_word' id='word_1_184' title='bbox 914 2409 1031 2480; x_wconf 84' lang='grc' dir='ltr'><strong><em>ὀδοῦσι</em></strong></span> <span class='ocrx_word' id='word_1_185' title='bbox 1052 2407 1182 2494; x_wconf 83' lang='grc' dir='ltr'><strong><em>σάματι</em></strong></span> <span class='ocrx_word' id='word_1_186' title='bbox 1201 2405 1383 2498; x_wconf 81' lang='grc' dir='ltr'><strong><em>μηδόμεναι</em></strong></span> 
     </span>
     <span class='ocr_line' id='line_1_21' title="bbox 46 2511 1381 2610; baseline -0.001 -26"><span class='ocrx_word' id='word_1_187' title='bbox 46 2511 48 2515; x_wconf 53' lang='grc'><strong><em>’</em></strong></span> <span class='ocrx_word' id='word_1_188' title='bbox 213 2516 319 2607; x_wconf 88' lang='grc' dir='ltr'><strong><em>πόρον</em></strong></span> <span class='ocrx_word' id='word_1_189' title='bbox 341 2512 459 2605; x_wconf 88' lang='grc' dir='ltr'><strong><em>ὀίρκιον</em></strong></span> <span class='ocrx_word' id='word_1_190' title='bbox 481 2521 588 2604; x_wconf 88' lang='lat' dir='ltr'>(Hom.</span> <span class='ocrx_word' id='word_1_191' title='bbox 609 2518 726 2610; x_wconf 75' lang='lat' dir='ltr'>opleta</span> <span class='ocrx_word' id='word_1_192' title='bbox 748 2515 880 2607; x_wconf 85' lang='grc' dir='ltr'><strong><em>αότοῖς).</em></strong></span> <span class='ocrx_word' id='word_1_193' title='bbox 926 2523 1004 2608; x_wconf 67' lang='lat' dir='ltr'>(tyn.</span> <span class='ocrx_word' id='word_1_194' title='bbox 1027 2526 1058 2585; x_wconf 90' lang='grc' dir='ltr'><strong><em>Γ</em></strong></span> <span class='ocrx_word' id='word_1_195' title='bbox 1077 2528 1136 2590; x_wconf 91' lang='grc'>505</span> <span class='ocrx_word' id='word_1_196' title='bbox 1158 2523 1293 2597; x_wconf 87' lang='grc' dir='ltr'><strong><em>πτῶκας</em></strong></span> <span class='ocrx_word' id='word_1_197' title='bbox 1316 2512 1381 2584; x_wconf 89' lang='grc' dir='ltr'><strong><em>ἀεί-</em></strong></span> 
     </span>
     <span class='ocr_line' id='line_1_22' title="bbox 215 2621 1382 2718; baseline -0.003 -25"><span class='ocrx_word' id='word_1_198' title='bbox 215 2628 339 2712; x_wconf 88' lang='grc' dir='ltr'><strong><em>δωμεν,</em></strong></span> <span class='ocrx_word' id='word_1_199' title='bbox 367 2624 478 2716; x_wconf 77' lang='grc' dir='ltr'><strong><em>δήρης</em></strong></span> <span class='ocrx_word' id='word_1_200' title='bbox 502 2625 662 2718; x_wconf 85' lang='grc' dir='ltr'><strong><em>ε’ρίδωρον</em></strong></span> <span class='ocrx_word' id='word_1_201' title='bbox 684 2624 826 2717; x_wconf 83' lang='grc' dir='ltr'><strong><em>ὀπώρην.</em></strong></span> <span class='ocrx_word' id='word_1_202' title='bbox 866 2631 962 2712; x_wconf 79' lang='grc' dir='ltr'><strong><em>σῶμα</em></strong></span> <span class='ocrx_word' id='word_1_203' title='bbox 983 2624 1082 2695; x_wconf 90' lang='grc' dir='ltr'><strong><em>πέλει</em></strong></span> <span class='ocrx_word' id='word_1_204' title='bbox 1101 2621 1240 2706; x_wconf 70' lang='grc' dir='ltr'><strong><em>τυτθόν,</em></strong></span> <span class='ocrx_word' id='word_1_205' title='bbox 1269 2622 1382 2694; x_wconf 82' lang='grc' dir='ltr'><strong><em>λάσιον</em></strong></span> 
     </span>
     <span class='ocr_line' id='line_1_23' title="bbox 214 2731 1382 2822; baseline -0.002 -19"><span class='ocrx_word' id='word_1_206' title='bbox 214 2738 323 2821; x_wconf 82' lang='lat' dir='ltr'>(Hom.</span> <span class='ocrx_word' id='word_1_207' title='bbox 340 2734 443 2818; x_wconf 89' lang='grc' dir='ltr'><strong><em>δέμας</em></strong></span> <span class='ocrx_word' id='word_1_208' title='bbox 454 2731 599 2822; x_wconf 80' lang='grc' dir='ltr'><strong><em>τοιθός).</em></strong></span> <span class='ocrx_word' id='word_1_209' title='bbox 622 2781 661 2790; x_wconf 91' lang='grc'>-</span> <span class='ocrx_word' id='word_1_210' title='bbox 682 2737 721 2805; x_wconf 93' lang='lat' dir='ltr'>In</span> <span class='ocrx_word' id='word_1_211' title='bbox 735 2763 796 2805; x_wconf 88' lang='lat' dir='ltr'>usu</span> <span class='ocrx_word' id='word_1_212' title='bbox 809 2739 958 2805; x_wconf 84' lang='lat' dir='ltr'>vocabuli</span> <span class='ocrx_word' id='word_1_213' title='bbox 974 2731 1062 2814; x_wconf 88' lang='grc' dir='ltr'><strong><em>δαίς</em></strong></span> <span class='ocrx_word' id='word_1_214' title='bbox 1082 2737 1167 2803; x_wconf 88' lang='lat' dir='ltr'>utin</span> <span class='ocrx_word' id='word_1_215' title='bbox 1182 2736 1255 2802; x_wconf 84' lang='lat' dir='ltr'>aliis</span> <span class='ocrx_word' id='word_1_216' title='bbox 1276 2734 1382 2802; x_wconf 88' lang='lat' dir='ltr'>multis</span> 
     </span>
     <span class='ocr_line' id='line_1_24' title="bbox 215 2841 1382 2929; baseline -0.001 -19"><span class='ocrx_word' id='word_1_217' title='bbox 215 2848 347 2929; x_wconf 88' lang='lat' dir='ltr'>apparet</span> <span class='ocrx_word' id='word_1_218' title='bbox 362 2846 519 2929; x_wconf 90' lang='lat' dir='ltr'>quaedam</span> <span class='ocrx_word' id='word_1_219' title='bbox 533 2847 688 2912; x_wconf 90' lang='lat' dir='ltr'>sermonis</span> <span class='ocrx_word' id='word_1_220' title='bbox 706 2845 871 2912; x_wconf 89' lang='lat' dir='ltr'>Homerici</span> <span class='ocrx_word' id='word_1_221' title='bbox 893 2846 1033 2924; x_wconf 87' lang='lat' dir='ltr'>castitas,</span> <span class='ocrx_word' id='word_1_222' title='bbox 1055 2845 1164 2926; x_wconf 82' lang='lat' dir='ltr'>verbo,</span> <span class='ocrx_word' id='word_1_223' title='bbox 1186 2845 1275 2929; x_wconf 93' lang='lat' dir='ltr'>quod</span> <span class='ocrx_word' id='word_1_224' title='bbox 1295 2841 1382 2928; x_wconf 86' lang='lat' dir='ltr'>quasi</span> 
     </span>
     <span class='ocr_line' id='line_1_25' title="bbox 214 2951 1380 3039; baseline -0.001 -22"><span class='ocrx_word' id='word_1_225' title='bbox 214 2957 328 3018; x_wconf 89' lang='lat' dir='ltr'>natura</span> <span class='ocrx_word' id='word_1_226' title='bbox 343 2976 400 3018; x_wconf 89' lang='lat' dir='ltr'>sua</span> <span class='ocrx_word' id='word_1_227' title='bbox 416 2954 577 3038; x_wconf 87' lang='lat' dir='ltr'>quoddam</span> <span class='ocrx_word' id='word_1_228' title='bbox 590 2954 749 3019; x_wconf 90' lang='lat' dir='ltr'>humanae</span> <span class='ocrx_word' id='word_1_229' title='bbox 764 2953 1020 3020; x_wconf 85' lang='lat' dir='ltr'>mansuetudinis</span> <span class='ocrx_word' id='word_1_230' title='bbox 1042 2952 1171 3039; x_wconf 81' lang='lat' dir='ltr'>signum</span> <span class='ocrx_word' id='word_1_231' title='bbox 1192 2951 1380 3038; x_wconf 87' lang='lat' dir='ltr'>impressum</span> 
     </span>
     <span class='ocr_line' id='line_1_26' title="bbox 213 3057 1382 3147; baseline -0.002 -23"><span class='ocrx_word' id='word_1_232' title='bbox 213 3059 355 3126; x_wconf 85' lang='lat' dir='ltr'>habebat</span> <span class='ocrx_word' id='word_1_233' title='bbox 372 3059 424 3143; x_wconf 90' lang='lat' dir='ltr'>(cf.</span> <span class='ocrx_word' id='word_1_234' title='bbox 440 3057 623 3147; x_wconf 68' lang='lat' dir='ltr'>deletion),</span> <span class='ocrx_word' id='word_1_235' title='bbox 646 3063 734 3146; x_wconf 90' lang='lat' dir='ltr'>quod</span> <span class='ocrx_word' id='word_1_236' title='bbox 749 3063 789 3127; x_wconf 90' lang='lat' dir='ltr'>ad</span> <span class='ocrx_word' id='word_1_237' title='bbox 803 3062 946 3128; x_wconf 91' lang='lat' dir='ltr'>Deorum</span> <span class='ocrx_word' id='word_1_238' title='bbox 963 3060 1204 3126; x_wconf 82' lang='lat' dir='ltr'>venerationem</span> <span class='ocrx_word' id='word_1_239' title='bbox 1219 3060 1382 3145; x_wconf 86' lang='lat' dir='ltr'>spectabat</span> 
     </span>
     <span class='ocr_line' id='line_1_27' title="bbox 215 3165 1382 3255; baseline -0.001 -24"><span class='ocrx_word' id='word_1_240' title='bbox 215 3165 302 3247; x_wconf 85' lang='grc' dir='ltr'><strong><em>(δαὶς</em></strong></span> <span class='ocrx_word' id='word_1_241' title='bbox 328 3170 445 3252; x_wconf 67' lang='grc' dir='ltr'><strong><em>θεῶν),</em></strong></span> <span class='ocrx_word' id='word_1_242' title='bbox 474 3191 565 3234; x_wconf 90' lang='lat' dir='ltr'>suam</span> <span class='ocrx_word' id='word_1_243' title='bbox 589 3169 654 3233; x_wconf 85' lang='lat' dir='ltr'>vim</span> <span class='ocrx_word' id='word_1_244' title='bbox 683 3173 716 3234; x_wconf 90' lang='lat' dir='ltr'>et</span> <span class='ocrx_word' id='word_1_245' title='bbox 743 3171 904 3253; x_wconf 88' lang='lat' dir='ltr'>quendam</span> <span class='ocrx_word' id='word_1_246' title='bbox 931 3168 1097 3255; x_wconf 77' lang='lat' dir='ltr'>dignitatis</span> <span class='ocrx_word' id='word_1_247' title='bbox 1123 3167 1231 3232; x_wconf 90' lang='lat' dir='ltr'>locum</span> <span class='ocrx_word' id='word_1_248' title='bbox 1258 3186 1382 3233; x_wconf 89' lang='lat' dir='ltr'>conser-</span> 
     </span>
     <span class='ocr_line' id='line_1_28' title="bbox 214 3273 1381 3362; baseline -0.003 -21"><span class='ocrx_word' id='word_1_249' title='bbox 214 3279 318 3341; x_wconf 89' lang='lat' dir='ltr'>vante.</span> <span class='ocrx_word' id='word_1_250' title='bbox 362 3275 561 3341; x_wconf 88' lang='lat' dir='ltr'>Posteriores</span> <span class='ocrx_word' id='word_1_251' title='bbox 587 3298 646 3341; x_wconf 92' lang='lat' dir='ltr'>nec</span> <span class='ocrx_word' id='word_1_252' title='bbox 672 3277 854 3341; x_wconf 87' lang='lat' dir='ltr'>sentiebant</span> <span class='ocrx_word' id='word_1_253' title='bbox 881 3277 960 3341; x_wconf 86' lang='lat' dir='ltr'>haec</span> <span class='ocrx_word' id='word_1_254' title='bbox 986 3297 1045 3342; x_wconf 87' lang='lat' dir='ltr'>nec</span> <span class='ocrx_word' id='word_1_255' title='bbox 1073 3279 1213 3362; x_wconf 83' lang='lat' dir='ltr'>purgato</span> <span class='ocrx_word' id='word_1_256' title='bbox 1241 3273 1381 3342; x_wconf 89' lang='lat' dir='ltr'>Homero</span> 
     </span>
     <span class='ocr_line' id='line_1_29' title="bbox 215 3382 1382 3467; baseline 0 -20"><span class='ocrx_word' id='word_1_257' title='bbox 215 3384 397 3450; x_wconf 91' lang='lat' dir='ltr'>utebantur.</span> <span class='ocrx_word' id='word_1_258' title='bbox 432 3382 620 3467; x_wconf 84' lang='lat' dir='ltr'>Euripidem</span> <span class='ocrx_word' id='word_1_259' title='bbox 643 3383 816 3449; x_wconf 87' lang='lat' dir='ltr'>conieceris</span> <span class='ocrx_word' id='word_1_260' title='bbox 843 3384 878 3447; x_wconf 93' lang='lat' dir='ltr'>in</span> <span class='ocrx_word' id='word_1_261' title='bbox 898 3382 1116 3449; x_wconf 88' lang='lat' dir='ltr'>Zenodoteam</span> <span class='ocrx_word' id='word_1_262' title='bbox 1139 3382 1314 3449; x_wconf 89' lang='lat' dir='ltr'>lectionem</span> <span class='ocrx_word' id='word_1_263' title='bbox 1334 3383 1382 3447; x_wconf 94' lang='lat' dir='ltr'>in-</span> 
     </span>
     <span class='ocr_line' id='line_1_30' title="bbox 216 3483 1384 3576; baseline 0.001 -23"><span class='ocrx_word' id='word_1_264' title='bbox 216 3491 329 3557; x_wconf 90' lang='lat' dir='ltr'>cidisse</span> <span class='ocrx_word' id='word_1_265' title='bbox 357 3483 508 3555; x_wconf 83' lang='grc' dir='ltr'><strong><em>οίωνοῖσί</em></strong></span> <span class='ocrx_word' id='word_1_266' title='bbox 533 3512 569 3553; x_wconf 92' lang='grc' dir='ltr'>τε</span> <span class='ocrx_word' id='word_1_267' title='bbox 591 3490 698 3556; x_wconf 91' lang='grc' dir='ltr'><strong><em>δαῖτα.</em></strong></span> <span class='ocrx_word' id='word_1_268' title='bbox 742 3489 865 3556; x_wconf 90' lang='lat' dir='ltr'>Hecub.</span> <span class='ocrx_word' id='word_1_269' title='bbox 892 3493 985 3573; x_wconf 81' lang='lat'>(1020</span> <span class='ocrx_word' id='word_1_270' title='bbox 1008 3491 1126 3576; x_wconf 86' lang='lat' dir='ltr'>Bothe)</span> <span class='ocrx_word' id='word_1_271' title='bbox 1150 3491 1384 3576; x_wconf 86' lang='grc' dir='ltr'><strong>1078ποῦπᾷ</strong></span> 
     </span>
     <span class='ocr_line' id='line_1_31' title="bbox 217 3588 1384 3687; baseline 0.001 -26"><span class='ocrx_word' id='word_1_272' title='bbox 217 3592 363 3683; x_wconf 87' lang='grc' dir='ltr'><strong><em>φέρομαι</em></strong></span> <span class='ocrx_word' id='word_1_273' title='bbox 382 3588 466 3661; x_wconf 89' lang='grc' dir='ltr'><strong><em>τέκν’</em></strong></span> <span class='ocrx_word' id='word_1_274' title='bbox 488 3590 593 3681; x_wconf 80' lang='grc' dir='ltr'><strong><em>έρημα</em></strong></span> <span class='ocrx_word' id='word_1_275' title='bbox 615 3592 723 3661; x_wconf 79' lang='grc' dir='ltr'><strong><em>λιπὼν</em></strong></span> <span class='ocrx_word' id='word_1_276' title='bbox 747 3596 893 3678; x_wconf 84' lang='grc' dir='ltr'><strong><em>Βάκχαις</em></strong></span> <span class='ocrx_word' id='word_1_277' title='bbox 906 3594 1028 3663; x_wconf 73' lang='grc' dir='ltr'><strong><em>Ἅιδου</em></strong></span> <span class='ocrx_word' id='word_1_278' title='bbox 1057 3597 1277 3682; x_wconf 88' lang='grc' dir='ltr'><strong><em>διαμοιρᾶσαι</em></strong></span> <span class='ocrx_word' id='word_1_279' title='bbox 1297 3617 1384 3687; x_wconf 89' lang='grc' dir='ltr'><strong><em>σφα-</em></strong></span> 
     </span>
     <span class='ocr_line' id='line_1_32' title="bbox 216 3697 1383 3793; baseline 0.002 -25"><span class='ocrx_word' id='word_1_280' title='bbox 216 3701 297 3768; x_wconf 86' lang='grc' dir='ltr'><strong><em>κτὰν</em></strong></span> <span class='ocrx_word' id='word_1_281' title='bbox 317 3698 411 3768; x_wconf 87' lang='grc' dir='ltr'><strong><em>κυσίν</em></strong></span> <span class='ocrx_word' id='word_1_282' title='bbox 427 3725 462 3769; x_wconf 85' lang='grc' dir='ltr'>τε</span> <span class='ocrx_word' id='word_1_283' title='bbox 477 3698 613 3791; x_wconf 88' lang='grc' dir='ltr'><strong><em>φοινίαν</em></strong></span> <span class='ocrx_word' id='word_1_284' title='bbox 632 3697 727 3771; x_wconf 91' lang='grc' dir='ltr'><strong><em>δαῖτ’.</em></strong></span> <span class='ocrx_word' id='word_1_285' title='bbox 762 3705 851 3773; x_wconf 91' lang='lat' dir='ltr'>Idem</span> <span class='ocrx_word' id='word_1_286' title='bbox 864 3705 933 3772; x_wconf 90' lang='lat' dir='ltr'>Ion.</span> <span class='ocrx_word' id='word_1_287' title='bbox 949 3708 1034 3791; x_wconf 87' lang='grc'><strong>(440)</strong></span> <span class='ocrx_word' id='word_1_288' title='bbox 1050 3714 1110 3774; x_wconf 88' lang='grc'>505</span> <span class='ocrx_word' id='word_1_289' title='bbox 1124 3701 1251 3793; x_wconf 81' lang='grc' dir='ltr'><strong><em>βρέφος</em></strong></span> <span class='ocrx_word' id='word_1_290' title='bbox 1269 3699 1383 3791; x_wconf 80' lang='grc' dir='ltr'><strong><em>Φοίβῳ</em></strong></span> 
     </span>
     <span class='ocr_line' id='line_1_33' title="bbox 216 3806 1383 3901; baseline 0.003 -26"><span class='ocrx_word' id='word_1_291' title='bbox 216 3813 355 3888; x_wconf 85' lang='grc' dir='ltr'><strong><em>πτανοῖς</em></strong></span> <span class='ocrx_word' id='word_1_292' title='bbox 368 3806 514 3896; x_wconf 84' lang='grc' dir='ltr'><strong><em>,έξιόρισε</em></strong></span> <span class='ocrx_word' id='word_1_293' title='bbox 542 3806 665 3878; x_wconf 79' lang='grc' dir='ltr'><strong><em>θοίναν</em></strong></span> <span class='ocrx_word' id='word_1_294' title='bbox 693 3807 797 3898; x_wconf 75' lang='grc' dir='ltr'><strong><em>θηρσί</em></strong></span> <span class='ocrx_word' id='word_1_295' title='bbox 815 3837 851 3877; x_wconf 87' lang='grc' dir='ltr'>τε</span> <span class='ocrx_word' id='word_1_296' title='bbox 873 3808 1010 3901; x_wconf 92' lang='grc' dir='ltr'><strong><em>φοινίαν</em></strong></span> <span class='ocrx_word' id='word_1_297' title='bbox 1032 3812 1139 3882; x_wconf 91' lang='grc' dir='ltr'><strong><em>δαῖτα.</em></strong></span> <span class='ocrx_word' id='word_1_298' title='bbox 1180 3812 1280 3899; x_wconf 86' lang='lat' dir='ltr'>Soph</span> <span class='ocrx_word' id='word_1_299' title='bbox 1300 3811 1383 3878; x_wconf 90' lang='lat' dir='ltr'>Phil.</span> 
     </span>
     <span class='ocr_line' id='line_1_34' title="bbox 217 3908 1383 4009; baseline -0.003 -21"><span class='ocrx_word' id='word_1_300' title='bbox 217 3927 277 3988; x_wconf 84' lang='grc'>957</span> <span class='ocrx_word' id='word_1_301' title='bbox 299 3911 371 3984; x_wconf 89' lang='grc' dir='ltr'><strong><em>ἀλλ’</em></strong></span> <span class='ocrx_word' id='word_1_302' title='bbox 396 3911 495 3996; x_wconf 86' lang='grc' dir='ltr'><strong><em>αότὸς</em></strong></span> <span class='ocrx_word' id='word_1_303' title='bbox 515 3914 619 3997; x_wconf 90' lang='grc' dir='ltr'><strong><em>τάλας</em></strong></span> <span class='ocrx_word' id='word_1_304' title='bbox 639 3918 754 3985; x_wconf 72' lang='grc' dir='ltr'><strong><em>θανὼν</em></strong></span> <span class='ocrx_word' id='word_1_305' title='bbox 776 3917 909 4006; x_wconf 88' lang='grc' dir='ltr'><strong><em>παρέξω</em></strong></span> <span class='ocrx_word' id='word_1_306' title='bbox 926 3913 1018 3985; x_wconf 71' lang='grc' dir='ltr'><strong><em>δαῖθ’</em></strong></span> <span class='ocrx_word' id='word_1_307' title='bbox 1041 3914 1096 4009; x_wconf 76' lang='grc' dir='ltr'>ἀφ’</span> <span class='ocrx_word' id='word_1_308' title='bbox 1121 3908 1166 3984; x_wconf 83' lang='grc' dir='ltr'>ὦν</span> <span class='ocrx_word' id='word_1_309' title='bbox 1188 3912 1383 4009; x_wconf 79' lang='grc' dir='ltr'><strong><em>ἐφερβόμην.</em></strong></span> 
     </span>
     <span class='ocr_line' id='line_1_35' title="bbox 217 4019 1385 4115; baseline -0.002 -22"><span class='ocrx_word' id='word_1_310' title='bbox 217 4027 350 4093; x_wconf 79' lang='lat' dir='ltr'>Theocr.</span> <span class='ocrx_word' id='word_1_311' title='bbox 371 4025 447 4091; x_wconf 83' lang='lat' dir='ltr'>XIII</span> <span class='ocrx_word' id='word_1_312' title='bbox 469 4032 507 4095; x_wconf 91' lang='grc'>63</span> <span class='ocrx_word' id='word_1_313' title='bbox 534 4019 718 4115; x_wconf 77' lang='grc' dir='ltr'><strong><em>ὠμοφάγος</em></strong></span> <span class='ocrx_word' id='word_1_314' title='bbox 743 4025 821 4105; x_wconf 81' lang='grc' dir='ltr'><strong><em>λὶς.</em></strong></span> <span class='ocrx_word' id='word_1_315' title='bbox 843 4079 877 4097; x_wconf 92' lang='grc'>..</span> <span class='ocrx_word' id='word_1_316' title='bbox 903 4022 1059 4094; x_wconf 76' lang='grc' dir='ltr'><strong><em>ἓίιπεοσεν</em></strong></span> <span class='ocrx_word' id='word_1_317' title='bbox 1086 4020 1304 4111; x_wconf 78' lang='grc' dir='ltr'><strong><em>ἓτοιμοτάταν</em></strong></span> <span class='ocrx_word' id='word_1_318' title='bbox 1329 4022 1385 4092; x_wconf 73' lang='grc' dir='ltr'>ἐπὶ</span> 
     </span>
     <span class='ocr_line' id='line_1_36' title="bbox 217 4126 1384 4224; baseline 0.001 -25"><span class='ocrx_word' id='word_1_319' title='bbox 217 4134 314 4199; x_wconf 81' lang='grc' dir='ltr'><strong><em>δαῖτα</em></strong></span> <span class='ocrx_word' id='word_1_320' title='bbox 340 4136 455 4217; x_wconf 78' lang='grc' dir='ltr'><strong><em>νεβρῶ.</em></strong></span> <span class='ocrx_word' id='word_1_321' title='bbox 497 4133 606 4212; x_wconf 84' lang='lat' dir='ltr'>Quint.</span> <span class='ocrx_word' id='word_1_322' title='bbox 636 4135 700 4203; x_wconf 85' lang='lat' dir='ltr'>Sm.</span> <span class='ocrx_word' id='word_1_323' title='bbox 728 4137 835 4204; x_wconf 72' lang='lat' dir='ltr'>Baua</span> <span class='ocrx_word' id='word_1_324' title='bbox 862 4129 952 4224; x_wconf 85' lang='grc' dir='ltr'><strong><em>ὀφρα</em></strong></span> <span class='ocrx_word' id='word_1_325' title='bbox 977 4156 1015 4201; x_wconf 93' lang='grc' dir='ltr'><strong><em>σε</em></strong></span> <span class='ocrx_word' id='word_1_326' title='bbox 1040 4137 1152 4221; x_wconf 85' lang='grc' dir='ltr'><strong><em>Τρῶες</em></strong></span> <span class='ocrx_word' id='word_1_327' title='bbox 1179 4126 1384 4224; x_wconf 78' lang='grc' dir='ltr'><strong><em>ἀμφιτόμοις</em></strong></span> 
     </span>
     <span class='ocr_line' id='line_1_37' title="bbox 216 4236 1383 4332; baseline 0 -24"><span class='ocrx_word' id='word_1_328' title='bbox 216 4236 368 4330; x_wconf 85' lang='grc' dir='ltr'><strong><em>ξιφέεσσι</em></strong></span> <span class='ocrx_word' id='word_1_329' title='bbox 388 4238 590 4322; x_wconf 81' lang='grc' dir='ltr'><strong><em>διαμελεϊστὶ</em></strong></span> <span class='ocrx_word' id='word_1_330' title='bbox 611 4239 777 4308; x_wconf 90' lang='grc' dir='ltr'><strong><em>κέδασσαν</em></strong></span> <span class='ocrx_word' id='word_1_331' title='bbox 795 4242 892 4309; x_wconf 86' lang='grc' dir='ltr'><strong><em>δαῖτα</em></strong></span> <span class='ocrx_word' id='word_1_332' title='bbox 913 4241 987 4309; x_wconf 83' lang='grc' dir='ltr'><strong><em>κυσὶ</em></strong></span> <span class='ocrx_word' id='word_1_333' title='bbox 1001 4238 1200 4332; x_wconf 88' lang='grc' dir='ltr'><strong><em>σφετέροισι.</em></strong></span> <span class='ocrx_word' id='word_1_334' title='bbox 1237 4243 1302 4310; x_wconf 82' lang='lat' dir='ltr'>Sed</span> <span class='ocrx_word' id='word_1_335' title='bbox 1315 4265 1383 4308; x_wconf 93' lang='lat' dir='ltr'>om·</span> 
     </span>
     <span class='ocr_line' id='line_1_38' title="bbox 216 4349 1382 4438; baseline -0.001 -20"><span class='ocrx_word' id='word_1_336' title='bbox 216 4352 306 4418; x_wconf 93' lang='lat' dir='ltr'>nium</span> <span class='ocrx_word' id='word_1_337' title='bbox 333 4349 590 4434; x_wconf 82' lang='lat' dir='ltr'>frequentissime</span> <span class='ocrx_word' id='word_1_338' title='bbox 621 4351 662 4418; x_wconf 92' lang='lat' dir='ltr'>ad</span> <span class='ocrx_word' id='word_1_339' title='bbox 689 4351 800 4438; x_wconf 88' lang='lat' dir='ltr'>epulas</span> <span class='ocrx_word' id='word_1_340' title='bbox 826 4355 981 4418; x_wconf 87' lang='lat' dir='ltr'>vocantur</span> <span class='ocrx_word' id='word_1_341' title='bbox 1008 4352 1131 4419; x_wconf 86' lang='lat' dir='ltr'>bestiae</span> <span class='ocrx_word' id='word_1_342' title='bbox 1159 4350 1200 4418; x_wconf 92' lang='lat' dir='ltr'>ab</span> <span class='ocrx_word' id='word_1_343' title='bbox 1227 4351 1382 4437; x_wconf 87' lang='lat' dir='ltr'>Oppiano.</span> 
     </span>
    </p>
   </div>
   <div class='ocr_carea' id='block_1_3' title="bbox 0 0 1510 4980">
    <p class='ocr_par' dir='ltr' id='par_1_6' title="bbox 0 0 1510 4980">
     <span class='ocr_line' id='line_1_39' title="bbox 0 0 1510 4980; baseline 0 0"><span class='ocrx_word' id='word_1_344' title='bbox 0 0 1510 4980; x_wconf 95' lang='lat' dir='ltr'> </span> 
     </span>
    </p>
   </div>
  </div>
 </body>
</html>
