3008 4980
138 1218 191 1289 (4²)

154 1317 185 1368 aa

135 3617 189 3688 (⁴3)

153 4375 186 4428 36

584 1212 886 1328 Dissertatio
923 1214 984 1326 Π.

258 1440 326 1522 De
354 1440 620 1523 Aristarchea
656 1440 961 1523 vocabulorum
991 1439 1316 1523 Homericorum

611 1581 965 1687 interpretatione.

733 1931 774 2005 O.
802 1932 831 2006 I.

202 2111 383 2198 Enpoaitar
404 2114 482 2199 quid
500 2127 573 2178 uate
586 2112 807 2176 Aristarchum
825 2114 861 2176 a'a
880 2112 1097 2176 vocababmm
1117 2114 1372 2196 ahtcrpretatebae

240 2223 451 2306 qramrrmlr'ca
470 2222 663 2307 praestabam
686 2219 841 2284 mitratur.
891 2220 928 2282 [a
954 2220 1079 2283 vocabas
1103 2219 1280 2283 Homericis
1298 2219 1371 2282 a‘lla-

241 2327 384 2392 abundis
402 2351 462 2392 aon
490 2329 623 2393 maltam
651 2341 746 2391 antea
763 2327 951 2413 profectam.
997 2327 1065 2405 Quo
1094 2329 1195 2412 crapas
1215 2325 1372 2410 quaedam

242 2436 427 2500 Aristarchi
444 2437 522 2520 (qai
536 2437 680 2498 aaabersc
698 2435 780 2499 bunc
800 2436 900 2500 beram
930 2435 1049 2521 epreqo'e
1075 2434 1239 2516 mactavit)
1261 2433 1370 2497 cardo-
1464 2437 1468 2445 “

242 2544 352 2608 aenda
367 2558 511 2629 peccata.
555 2543 656 2608 libror
676 2547 709 2609 ab
730 2544 877 2608 vocabalo
898 2536 1016 2623 διερός.

285 2746 304 2829 ξ
329 2752 355 2811 1.
389 2745 513 2809 Doctae
535 2748 773 2828 accurataeque‚
795 2765 877 2827 quae
897 2742 983 2826 apud
1002 2741 1240 2806 Alexandrinos
1261 2741 1370 2821 valuit,

202 2852 402 2936 poeticorum
426 2851 657 2917 vocabulorum
685 2850 942 2935 interpretationi
964 2850 991 2914 si
1013 2850 1139 2934 quaeris
1162 2850 1370 2933 quemadmo-

203 2960 279 3024 dum
293 2959 453 3045 prioribus
468 2959 603 3024 saeculis
617 2959 802 3046 praelusum
815 2958 920 3037 fuerit,
941 2961 1008 3022 tam
1021 2957 1073 3022 vel
1093 2957 1188 3022 exilia
1201 2957 1252 3022 vel
1273 2980 1371 3041 prava

202 3068 372 3132 conamina
395 3068 547 3153 reperies,
574 3071 612 3131 ut
630 3067 709 3132 haec
730 3070 801 3131 tota
818 3066 889 3130 laus
910 3066 977 3131 fere
998 3067 1126 3151 integra
1146 3066 1370 3131 Alexandrinis

201 3176 376 3262 philologis
401 3175 612 3258 relinquenda
638 3175 793 3239 videatur.
839 3173 884 3237 Et
909 3174 1201 3259 circumspicientes
1226 3177 1370 3238 veterum

200 3283 358 3361 instituta,
372 3283 457 3347 unde
468 3282 591 3366 aliquid
606 3282 763 3347 eiusmodi
773 3281 873 3345 videri
887 3282 991 3365 possit
1004 3304 1218 3366 promanasse,
1231 3281 1370 3365 primum
1464 3271 1466 3275 ’

202 3391 348 3455 ducimur
368 3391 409 3455 ad
429 3390 540 3454 ludos
561 3389 795 3468 litterarum,
822 3389 939 3472 quibus
960 3389 1138 3455 Homerum
1160 3392 1193 3454 et
1215 3389 1371 3472 quosdam

201 3497 281 3561 alios
295 3501 408 3582 poetas
422 3500 462 3579 (v.
473 3497 662 3582 Bernhardy
675 3499 756 3580 synt.
771 3518 802 3579 p.
815 3499 847 3577 4)
863 3517 935 3559 cum
948 3498 1057 3580 pueris
1072 3500 1201 3562 strenue
1216 3498 1370 3560 tractatos

203 3627 272 3670 esse
294 3606 482 3689 accepimus.
523 3604 618 3682 Quod
639 3605 708 3669 sine
729 3604 901 3668 verborum
921 3606 1160 3670 reconditorum
1179 3606 1370 3687 interpreta-

199 3713 289 3778 tione
314 3713 401 3777 haud
427 3713 599 3797 procedere
625 3711 770 3795 potuisse
796 3732 869 3774 cum
894 3733 946 3775 res
967 3713 1037 3797 ipsa
1057 3712 1210 3797 loquatur
1230 3715 1300 3775 tum
1320 3711 1370 3775 lo-

201 3821 326 3904 cuplete
349 3823 432 3884 teste
460 3821 685 3906 cognovimus,
714 3819 777 3883 hoc
807 3819 912 3883 bonae
943 3821 1130 3904 priscaeque
1155 3819 1370 3884 institutionis

199 3927 312 4006 fuisse,
342 3926 468 4012 glossas
497 3927 686 3991 Homericos
717 3929 755 3991 ut
781 3927 873 4010 pueri
899 3927 1125 4013 intelligerent
1169 3927 1247 4005 Quis
1273 3925 1369 3990 hodie

199 4036 303 4101 nescit
320 4035 546 4119 Aristophanis
564 4033 715 4112 fabulam,
735 4034 769 4097 in
792 4055 856 4117 qua
877 4035 978 4100 civem
992 4036 1224 4101 Atheniensem
1244 4034 1371 4098 induxit

200 4165 273 4208 cum
300 4144 426 4207 duobus
453 4142 543 4222 filiis,
572 4164 638 4206 uno
659 4141 754 4206 bonis
775 4142 950 4226 probisque
971 4144 1129 4208 maiorum
1149 4143 1293 4207 moribus
1316 4141 1369 4204 ad·

199 4251 421 4327 haerescente‚
444 4249 544 4314 altero
566 4272 667 4315 novae
690 4247 876 4332 disciplinae
897 4250 1056 4315 illecebris
1078 4253 1239 4333 corrupto.
1274 4248 1370 4312 Hunc

200 4362 240 4422 ut
260 4358 429 4423 convincat
448 4361 541 4441 pater
561 4358 778 4442 sophistarum
802 4356 1032 4442 rhetorumque
1055 4357 1258 4440 disciplinam
1281 4356 1369 4420 dete·
