3008 4980
596 338 620 390 2.
646 331 842 404 Mythologiea.
1245 340 1303 402 179

136 502 194 568 ubi
215 505 290 566 ante
312 491 350 566 οὗ
373 497 432 565 διὰ
453 502 499 587 (p.
515 507 562 583 65,
586 508 623 569 16
637 502 710 586 Be>
732 501 937 567 inserendum
959 491 990 562 ci
1014 493 1059 564 δέ.
1082 534 1123 548 -
1143 497 1204 564 Est
1225 499 1303 564 deus

136 609 287 688 marinus,
307 609 347 673 A
366 616 436 676 404.

643 857 798 924 Cerberi

136 997 272 1042 nomen
294 996 359 1040 non
382 978 620 1053 commemorat,
645 976 674 1038 Θ
696 978 766 1042 368.
803 972 850 1038 cf.
872 970 966 1039 Paus.
988 970 1034 1037 lll
1056 976 1105 1049 25,
1128 977 1155 1038 6.

625 1243 811 1310 Charites.

220 1355 252 1428 Ξ
274 1366 334 1428 267
363 1355 427 1443 ἐγὼ
455 1353 495 1424 δέ
520 1354 558 1425 κέ
584 1381 637 1423 τοι
664 1351 821 1442 Χαρίτων
848 1351 929 1439 μίαν
961 1347 1176 1438 ὁπλοτεράων
1207 1346 1304 1420 ‹laice›

135 1458 349 1549 irretiamur:
370 1461 424 1531 ότι
438 1461 498 1531 dio
513 1462 656 1550 γενέσεις
669 1460 826 1550 Χαρίτων
847 1456 1060 1547 ὑποτίθεται,
1082 1458 1304 1546 πρεσβυτέρας

135 1571 195 1638 καὶ
214 1569 385 1658 νεωτέρας·
413 1571 468 1641 διὸ
490 1576 705 1659 συγκριτικῶς
724 1568 811 1657 λέγει
833 1565 1056 1656 ὁπλοτεράων,
1096 1569 1136 1636 V.
1149 1571 1303 1637 observa-

133 1681 258 1749 tionem
280 1683 319 1749 dc
340 1705 401 1748 usu
422 1705 491 1751 voc.
515 1675 732 1768 ὁπλότερος
751 1683 784 1745 Δ
802 1687 862 1750 325
885 1673 1005 1764 αἰχμὰς
1026 1672 1058 1744 δ’
1083 1671 1304 1761 αἰχμάσσουσι

134 1782 297 1874 νεώτεροι,
322 1789 417 1875 οἵπερ
432 1786 524 1873 ἐμεῖο
540 1784 720 1874 ὁπλότεροι
735 1780 888 1873 γεγάασιτ
911 1783 942 1874 (η
960 1786 1079 1875 ὁιπλη)
1102 1781 1154 1852 ὁτι
1175 1788 1304 1871 παραλ-

134 1887 246 1981 ληλως
264 1890 418 1983 νιῶτερσι
441 1894 503 1982 μέν
528 1891 601 1963 άντί
624 1899 682 1965 τοῦ
703 1892 787 1976 νέοι,
819 1889 1000 1982 ὁπλότεροι
1027 1891 1065 1960 δὲ
1090 1898 1305 1980 συγκριτικῶς

134 1994 209 2068 deal
228 2007 288 2070 τοῦ
309 2000 392 2087 ἐμοῦ
411 1998 578 2091 νεάτεροι·
603 1999 765 2074 οὐδέποτε
786 2000 847 2088 γὰρ
870 1996 942 2069 άυτὶ
963 2005 1022 2069 τοῦ
1041 1997 1113 2069 νέοι
1135 1994 1246 2090 είρηκε
1266 2001 1303 2068 τὸ

136 2102 325 2196 ὁπλότεροι·
345 2110 384 2178 τὸ
408 2109 446 2179 dd
467 2107 621 2199 νεῶτεροι
641 2107 711 2179 κατ’
729 2105 928 2202 ἀμφοτέρων
948 2106 1084 2177 τίθεται
1105 2104 1183 2194 παρ’
1202 2104 1302 2196 αότηῖ,

134 2214 193 2285 καί
213 2222 429 2306 συγκριτικῶς
453 2220 510 2289 καί
533 2215 798 2305 άπαλελυμένως.
838 2221 912 2289 Uno
939 2221 1012 2288 loco
1040 2222 1184 2287 invenies
1213 2220 1306 2288 aliter

135 2326 265 2410 dictum,
287 2332 318 2393 Γ
331 2335 399 2410 108,
420 2333 453 2396 et
468 2330 597 2416 quidem
610 2330 645 2397 in
659 2329 803 2396 versibus
821 2330 918 2396 aliam
932 2336 966 2397 et
983 2335 1021 2396 ut
1039 2330 1166 2395 videtur
1186 2329 1304 2395 iustam

136 2437 180 2502 ob
203 2459 330 2504 causam
351 2439 484 2504 notatis:
505 2439 562 2505 ubi
582 2438 645 2504 hoc
667 2439 764 2504 etiam
785 2441 986 2505 momentum
1005 2437 1055 2502 illi
1076 2458 1143 2502 non
1163 2440 1368 2522 praeter-181

135 2543 268 2611 missum
288 2544 388 2613 fuisse
408 2545 603 2633 putabimus.
650 2545 799 2612 Ceterum
824 2545 886 2611 hoo
909 2537 1105 2628 ὁπλότερος,
1140 2545 1227 2628 quod
1257 2549 1306 2610 cst

136 2648 299 2735 νεώτερος,
322 2652 369 2719 ita
389 2657 523 2721 utnon
543 2655 585 2719 ad
606 2653 879 2738 comparationem
894 2652 1031 2718 aliorum
1052 2652 1234 2718 adhibitum
1256 2653 1306 2734 sit,

135 2759 224 2844 apud
243 2759 384 2845 reliquos
411 2761 508 2827 etiam
537 2761 645 2848 epicos
671 2762 832 2828 rarissime
860 2764 946 2827 certe
968 2760 1089 2826 dictum
1109 2759 1180 2824 fuit.
1224 2758 1306 2824 Mihi

136 2866 267 2951 quidem
281 2866 406 2934 nullum
420 2869 461 2935 ad
474 2891 606 2936 manum
620 2869 802 2954 exemplum
815 2872 874 2935 est.
896 2905 936 2917 —
959 2865 1023 2934 Sed
1041 2866 1180 2954 primum
1203 2866 1306 2932 dicam

136 2974 226 3059 quod
246 2976 286 3042 ad
309 2975 467 3062 duplicem
480 2975 613 3062 stirpem
628 2975 795 3043 Charitum
816 2975 940 3055 attinet,
963 2975 1002 3064 de
1023 2997 1057 3041 re
1080 2974 1307 3040 conferendam

137 3103 207 3148 esse
229 3082 388 3169 duplicem
408 3083 575 3150 Musarum
596 3084 729 3169 stirpem
753 3083 839 3168 apud
858 3081 1053 3148 Pausaniam
1073 3081 1119 3148 IX
1139 3089 1193 3163 29,
1215 3089 1244 3150 2.
1266 3119 1308 3130 —

137 3188 285 3274 Orpheus
313 3191 475 3258 iuniorum
505 3193 637 3278 stirpem
665 3192 798 3258 deomm
823 3212 857 3256 se
891 3190 1043 3257 cecinisse
1072 3189 1151 3255 dicit
1177 3185 1309 3271 μέλπον

136 3288 173 3360 θ’
205 3290 397 3385 ὁπλοτέρων
423 3296 582 3386 μακάρων
612 3291 737 3383 γένεσίν
762 3320 797 3363 τε
824 3290 932 3382 κρίσιν
957 3320 993 3362 τε
1013 3299 1137 3385 Argon.
1159 3303 1229 3367 430.
1264 3297 1308 3363 Et

135 3403 362 3490 Epigonomm
381 3407 514 3473 initium
532 3406 635 3474 simile
656 3406 714 3470 νῶν
736 3394 815 3471 αὖθ’
838 3397 1031 3491 ὁπλοτέρων
1052 3397 1182 3488 άνὸρῶν
1204 3399 1308 3493 άρχῶ-

135 3514 230 3594 μεθα
252 3516 402 3594 Μοῦσαι,
428 3519 590 3582 certamen
607 3514 704 3580 Hom.
727 3517 761 3581 et
781 3513 859 3585 Hes.
880 3536 911 3600 p.
926 3519 986 3583 324
1010 3513 1128 3582 eoem.
1144 3515 1308 3600 Aristoph.

136 3618 210 3688 Pac.
234 3626 323 3690 1270.

219 3725 279 3795 Ille
301 3728 492 3797 Homericus
519 3753 629 3798 versus
655 3723 922 3815 Χαρίτωνμίαυ
949 3723 1166 3814 ὁπλοτεράων
1195 3731 1309 3797 obver-

137 3835 270 3901 sabatur
286 3834 406 3904 Nonno
428 3859 502 3904 cum
518 3837 604 3904 XLII
623 3844 684 3910 466
707 3838 861 3905 scriberet
881 3876 922 3886 -
942 3831 1066 3925 μούνην
1089 3828 1309 3924 άμφιέπσυοα

134 3936 217 4026 μίαν
238 3938 361 4031 Χάριν·
384 3939 548 4033 ὁπλοτέρη
570 3943 631 4030 γὰρ
652 3939 818 4028 τρισσάων
838 3938 996 4029 Χαρίτων
1015 3938 1125 4030 Βερόη
1146 3941 1310 4032 βλάστησε

135 4044 281 4139 τετάρτη.
316 4053 434 4140 Iunior,
455 4055 576 4141 quippe
594 4054 773 4139 posteriore
796 4053 924 4120 saeculo
947 4057 1027 4133 orta,
1049 4054 1079 4118 h.
1103 4075 1130 4119 e.
1152 4054 1253 4139 igitur
1274 4058 1311 4120 ut

135 4157 273 4226 dicimus
299 4183 383 4228 nova
402 4163 515 4230 Charis
543 4165 655 4229 exorta
676 4166 734 4231 est.
777 4161 822 4228 Et
842 4162 905 4228 hoc
927 4182 1024 4226 sensu
1045 4183 1141 4244 saepe
1162 4184 1240 4228 usus
1262 4166 1312 4227 est

136 4269 276 4339 Nonnus
300 4269 393 4351 (dixit
412 4275 520 4347 autem
544 4271 583 4336 de
604 4270 751 4337 vocabuli
773 4292 835 4336 usu
849 4267 1024 4335 Nonniano
1047 4269 1081 4333 in
1095 4267 1310 4335 Meletematis

137 4376 320 4443 Nonnianis
342 4375 357 4441 I
377 4401 408 4463 p.
431 4383 471 4444 25
492 4376 672 4463 Riglcrus)‚
692 4383 731 4443 ut
748 4369 902 4453 Ἀστακίς
924 4371 1089 4465 ὁπλοτέρη
1110 4372 1211 4452 πέλες
1226 4368 1310 4457 ’Ἀρ-

1048 4477 1100 4530 12*
