3046 4980
226 351 266 414 80
308 343 344 398 II.
374 342 415 398 De
433 344 612 399 Aristarchea
629 342 826 399 vocabulorum
843 342 1052 399 Homericorum
1068 341 1307 414 interpretatione.

227 516 276 576 est
296 511 375 576 haec
398 533 527 596 quoque
548 511 656 577 herois
681 512 790 577 virtus.
828 511 914 576 Hinc
939 510 1020 575 illud
1046 512 1084 576 de
1112 514 1297 577 senescente
1318 510 1395 575 Ido-

226 640 340 684 meneo
364 623 398 682 N
416 626 476 687 509

326 734 509 825 Ἰδομενεὺς
531 735 563 807 δ>
587 737 624 806 ἐκ
644 728 705 825 μέν
726 737 840 819 νέκυος
861 736 1071 827 δολιχόσκιον
1092 735 1185 826 ένχος

328 841 487 915 έσπάσατ>
512 842 586 915 οὐδ’
612 841 662 934 ἀρ’
687 842 729 914 ἔτ’
754 841 842 914 ἀλλα
865 844 1027 938 δυνήσατο
1049 841 1163 930 τείχεα
1185 847 1273 913 καλὰ

329 948 451 1040 ἀμοιῖν
473 949 680 1046 ἀφελέσθαι·
702 953 854 1043 ἐπείγετο
875 955 937 1042 γὰρ
960 953 1139 1042 βελέεσσιν.

331 1056 371 1131 αι’·
391 1063 453 1147 μδρ
475 1057 519 1130 ἔτ’
542 1058 673 1147 ἔμπεδα
695 1067 770 1160 γαῖα
792 1064 909 1130 ποδοῖν
931 1057 971 1155 ἦν
992 1059 1186 1153 ὁρμηθέντι,

329 1163 396 1236 oiia’
420 1164 471 1255 ἀρ’
495 1167 635 1252 ἐπαΐξαι
653 1166 733 1256 μεθ’
756 1167 812 1241 tta
831 1169 932 1256 βέλος
953 1166 1020 1239 ob‘c'
1044 1166 1225 1240 ἀλέασθαι.

327 1281 374 1365 τῷ
395 1282 437 1362 ῥα
458 1277 515 1345 καί
536 1275 572 1344 ἐν
592 1274 710 1369 σταδίῃ
730 1277 791 1364 μὲν
811 1273 950 1364 ἀμύνετο
973 1277 1085 1367 νηλεές
1105 1270 1203 1367 ἦμαρ,

326 1383 462 1473 τρέσσαι
488 1382 519 1454 δ’
544 1382 656 1455 οὐκέτι
677 1382 786 1477 ῥίμφα
808 1384 912 1466 πόδες
933 1385 1037 1476 φέρον
1059 1384 1096 1452 έκ
1118 1384 1294 1470 πολέμοιο.

326 1496 386 1558 τοῦ
409 1490 446 1559 δέ
465 1488 573 1582 βάδην
594 1489 756 1572 ἀπιόντος
777 1489 930 1563 ἀκόντισε
952 1493 1046 1582 δουρί
1067 1499 1196 1583 φαεινῷ

328 1598 505 1690 Δηίφοβος
527 1642 590 1671 -.

226 1743 298 1822 Quo
325 1745 398 1810 loco
426 1741 562 1829 τρέσσαι
593 1746 766 1813 celeritatis
792 1747 959 1812 notionem
984 1747 1062 1812 satis
1091 1768 1272 1831 expressam
1292 1745 1399 1824 habet,

225 1857 323 1937 atque
346 1853 491 1918 eavocis
512 1857 627 1918 natura
648 1860 755 1920 estut
777 1855 873 1919 etiam
896 1854 1015 1919 omisso
1037 1848 1146 1943 ῥίμφα
1167 1855 1327 1939 potuisset
1349 1854 1398 1919 ‹li-

226 1982 297 2025 cere
313 1960 401 2044 quod
414 1959 555 2046 intelligi
576 1961 714 2041 volebat,
735 1962 792 2026 sed
813 1983 880 2027 non
900 1963 1060 2046 potuisset
1078 1962 1266 2049 φοβεῖσθαι
1287 1953 1399 2026 οὐκέτι

177 2071 209 2122 80
228 2062 332 2144 πόδες
352 2063 483 2156 ἔφερον.
519 2068 583 2134 Sed
603 2069 728 2134 timoris
750 2069 841 2134 notio
864 2068 955 2133 nulla
974 2071 1060 2134 inest
1081 2091 1140 2135 nec
1160 2070 1223 2135 hoc
1243 2069 1315 2135 loco
1338 2091 1399 2135 nec

226 2176 266 2240 ab
290 2174 415 2260 origine
436 2175 594 2242 vocabulo
615 2177 710 2242 inest.
755 2175 881 2240 Mutato
903 2180 1011 2242 autem
1032 2177 1212 2261 proeliandi
1233 2200 1339 2258 more,
1366 2182 1400 2243 et

225 2283 362 2349 maxime
385 2283 470 2367 apud
490 2282 773 2359 Lacedaemonios,
795 2283 852 2347 ubi
875 2306 913 2348 ea
933 2282 986 2348 lex
1007 2284 1121 2368 proelii
1143 2288 1193 2350 est
1214 2286 1399 2364 constitute,

225 2395 264 2455 ut
289 2412 456 2474 nunquam
482 2389 554 2455 loco
581 2394 732 2475 statuque
754 2389 902 2469 cedatur,
932 2413 999 2455 non
1025 2391 1206 2456 mirandum
1232 2396 1281 2458 est
1307 2393 1335 2458 si
1367 2385 1399 2455 oi

225 2493 397 2581 τρέσαντες
422 2498 457 2561 in
488 2497 556 2561 acie
585 2498 654 2577 „die
674 2496 869 2582 flbchtigen“
895 2497 992 2562 simul
1015 2491 1315 2576 ἀποδειλιάσαντες
1338 2499 1399 2564 visi

226 2605 283 2670 illo
304 2605 435 2670 nomine
456 2604 672 2690 ignominiose
693 2607 898 2686 notabantur,
919 2628 1154 2692 nonnunquam
1175 2608 1274 2672 etiam
1294 2607 1400 2672 forma

225 2713 374 2779 vocabuli
395 2713 460 2778 iam
478 2712 548 2796 ipsa
569 2712 611 2776 ad
630 2712 812 2778 irrisionem
831 2718 985 2797 vergente
1006 2707 1025 2777 ό
1046 2717 1171 2797 τρεσᾶς.
1205 2714 1250 2780 Et
1269 2715 1304 2779 in
1326 2715 1399 2779 uni-

226 2842 353 2886 versum
385 2843 462 2886 sane
493 2822 745 2885 consentaneum
778 2823 827 2886 est
857 2822 945 2904 τρεῖν
970 2825 1086 2887 natura
1113 2823 1235 2888 timidis
1261 2822 1399 2887 maxime

227 2927 369 2992 accidere
407 2949 526 3012 eosque
566 2931 740 2993 retractare
774 2927 925 3013 fugamve
965 2951 1130 3013 capessere
1171 2952 1244 2995 cum
1277 2929 1399 2994 indicio

227 3034 352 3100 timoris
374 3072 415 3082 -
435 3037 472 3100 ut
486 3035 564 3099 satis
582 3056 749 3100 causarum
771 3035 814 3100 sit
835 3057 899 3114 cur,
921 3038 959 3100 ut
979 3037 1065 3120 apud
1086 3039 1228 3122 tragicos
1248 3059 1399 3120 nonnun-

227 3165 324 3226 quam
344 3142 466 3207 factum
486 3141 676 3215 invenimus,
697 3142 732 3206 in
753 3143 920 3207 notionem
941 3143 1067 3208 timoris
1089 3145 1226 3209 transire
1246 3144 1400 3229 potuerit.

225 3247 259 3314 N
260 3254 352 3315 atara
372 3249 510 3331 timidis,
531 3250 673 3332 inquam
696 3250 761 3314 sive
782 3249 969 3315 hominibus
991 3251 1057 3316 sive
1079 3252 1200 3328 bestiis,
1219 3254 1256 3316 ut
1277 3250 1400 3316 colum·

114 3373 117 3379 ·
226 3359 290 3439 bis,
314 3358 348 3422 in
378 3358 495 3442 quibus
517 3377 594 3422 sane
618 3355 695 3440 quid
721 3355 764 3420 sit
784 3356 871 3438 τρεῖν
893 3357 1015 3440 optime
1036 3358 1176 3444 intelligi
1197 3362 1306 3443 potest
1328 3380 1401 3423 cum

227 3464 322 3531 celeri
349 3464 450 3552 gradu
478 3464 545 3529 sive
574 3464 685 3529 volatu
712 3485 746 3528 se
771 3462 843 3528 loco
871 3463 1036 3542 auferunt,
1066 3465 1160 3532 facile
1191 3489 1247 3532 eae
1270 3467 1401 3550 quidem

226 3572 405 3656 periculum
436 3571 634 3656 suspicantes
663 3574 696 3635 et
724 3571 867 3654 pavidae.
913 3569 1018 3648 Quare
1045 3574 1216 3658 praecipue
1237 3567 1404 3658 τρήρωνες

228 3680 339 3744 dictae.
370 3679 419 3744 Ac
435 3678 473 3743 dc
488 3677 646 3743 columbis
659 3679 754 3762 putes
772 3677 892 3743 dictum
905 3679 1004 3744 fuisse
1023 3679 1194 3764 pulchrum
1208 3680 1402 3747 vocabulum

227 3785 267 3850 ab
288 3785 451 3871 Hesychio
480 3787 642 3850 servatum
668 3777 844 3867 ἀνέτρεσαν
870 3778 1146 3874 ἀνεφοβήθησαν,
1177 3793 1210 3854 et
1238 3790 1277 3854 de
1303 3788 1401 3854 simili

228 3893 367 3977 quadam
391 3894 496 3959 bestia
521 3914 560 3958 ex
586 3913 704 3978 genere
729 3892 916 3976 pavidamm
942 3894 1052 3977 potius
1079 3918 1175 3979 quam
1203 3897 1241 3961 de
1266 3896 1400 3961 homine

228 4001 315 4082 quod
335 4000 421 4065 idem
443 4000 581 4066 servavit
600 3998 718 4084 τρηρὸς
739 3995 911 4086 ἐλαφρὸς
933 3996 1053 4077 δειλός.

310 4139 374 4206 Sed
395 4141 436 4205 ad
457 4163 558 4205 unum
579 4139 688 4206 locum
709 4139 917 4207 Homericum
938 4141 1138 4207 redeundum
1156 4146 1206 4208 est
1226 4146 1265 4206 A
1286 4149 1357 4211 546.

330 4262 414 4341 Ζεὺς
436 4260 472 4328 δὲ
491 4261 600 4352 πατὴρ
622 4257 753 4328 Αἴανθ’
777 4259 940 4350 ὑψίζυγος
960 4261 995 4328 ἐν
1016 4260 1126 4351 φόβον
1148 4255 1265 4349 ὦρσεν·

330 4373 390 4459 στῆ
412 4368 449 4435 δέ
469 4365 596 4459 ταφιόν,
620 4364 746 4438 όπιθεν
764 4368 801 4436 δέ
822 4363 924 4448 σάκος
945 4366 1046 4453 βάλεν
1067 4364 1275 4456 ἑπταβόειον.
