3008 4980
469 349 493 400 3.
519 345 621 417 φόβος,
638 347 805 417 φοβεῖσθαι,
823 342 976 417 φέβεσθαι.
1237 402 1239 408 ,
1269 353 1308 414 75

138 514 289 579 Diomedi
303 513 386 579 bene
401 514 538 598 quidem,
560 515 674 599 inquit,
695 514 823 580 locutus
839 537 881 593 ee,
904 536 1009 597 neque
1030 517 1138 578 tamen
1159 535 1226 578 rem
1249 536 1308 578 scu

137 621 287 706 tetigisti:
315 611 337 707 ἦ
361 619 427 708 μὴν
447 618 505 686 καί
529 615 603 697 νέος
624 615 697 685 έσσί
721 623 889 701 „nimirum
916 621 961 703 (id
983 620 1071 705 quod
1091 622 1132 685 ad
1154 643 1307 686 excusan-

143 728 219 794 dum
240 728 335 811 valet)
356 729 480 794 iuvenis
502 731 562 794 es“.
600 728 725 794 Deinde
748 720 841 805 civia,
863 721 973 812 σἰνιᾶν,
995 719 1144 806 ἆνιόζειν
1164 727 1307 794 Homero

139 837 260 920 ubique
282 839 331 901 est
351 836 513 913 molestia,
545 837 692 902 molestia
714 837 854 915 efficere,
881 859 922 902 m
944 836 1042 914 effici,
1069 835 1205 900 moleste
1225 835 1308 900 ferre

139 945 217 1026 (non
238 966 364 1008 maeror
384 944 436 1008 vel
458 943 564 1010 dolor:
586 946 674 1029 quod
695 945 760 1009 iam
780 944 928 1009 Dammio
950 947 1163 1028 perspectum.
1198 944 1228 1003 Σ
1247 946 1307 1010 300

138 1052 225 1116 haud
246 1054 333 1116 recte
355 1055 522 1136 acceptum
544 1073 563 1115 s
583 1051 750 1134 Passovio‚
776 1073 872 1135 quem
897 1050 1020 1136 fugisse
1040 1050 1167 1115 videtur
1193 1050 1308 1114 acerba

137 1159 234 1224 huius
255 1159 318 1223 loci
336 1159 461 1242 ironia).
496 1158 597 1225 Porro
617 1151 723 1236 πόνος
745 1162 795 1225 est
815 1159 942 1238 ,1111101ιι
964 1158 1051 1241 quod
1071 1157 1233 1222 veteribus
1254 1179 1306 1221 ve-

136 1289 209 1330 rum
234 1266 298 1330 loci
326 1289 456 1331 sensum
485 1267 620 1352 aperuit.
663 1267 867 1332 Aristonicus
892 1288 965 1330 cum
992 1265 1055 1330 hoc
1079 1265 1151 1348 ipso
1172 1264 1245 1328 loco
1268 1264 1307 1328 de

136 1373 454 1458 hao‘significetione
480 1375 569 1440 verbi
597 1375 768 1440 admoneat
789 1372 1025 1439 Aristarcheos-
1039 1373 1085 1437 sic
1109 1371 1307 1437 intellexisse

138 1480 290 1559 declarat,
316 1481 400 1545 unde
427 1481 467 1545 ad
493 1481 688 1566 posteriores
713 1481 867 1565 pervenit.
916 1481 1060 1559 Quorum
1086 1501 1170 1544 unus
1197 1477 1306 1561 (BLV)

136 1588 313 1653 rectissime
339 1588 581 1674 interpretetur:
610 1585 717 1664 πολὺς
735 1584 805 1671 μέν
826 1579 892 1655 οὖν
915 1585 1003 1654 ἔστιν
1024 1581 1043 1654 ό
1065 1579 1184 1662 πόνος,
1210 1580 1308 1649 ὥστε

137 1691 260 1759 λοιπὸν
285 1697 340 1779 (sc.
370 1690 451 1780 ε’στί)
481 1687 709 1783 ἀκηδισίσαντοί
733 1719 809 1760 τινα
836 1698 980 1764 νεῖσθαι.
1023 1695 1068 1761 cf.
1096 1714 1116 1777 β
1142 1701 1201 1762 117
1227 1688 1307 1775 πρίν

137 1824 192 1866 κεν
213 1795 367 1888 ἀνιηθείς
392 1801 453 1891 σὴν
474 1798 622 1889 πατρίδα
644 1805 741 1887 μαῖαν
762 1802 861 1873 ἵκοιο.
902 1804 987 1871 Usus
1008 1803 1158 1868 infinitivi
1180 1801 1306 1867 similli-

136 1933 207 1976 mus
229 1913 252 1993 β
272 1917 333 1979 284
355 1903 436 1976 οόδέ
455 1935 488 1976 τι
509 1904 622 1977 ίσασιν
643 1904 794 1977 θάνατον
815 1908 871 1978 καί
890 1915 985 1999 Κῆρα
1006 1907 1180 1993 μέλαιναν,
1206 1900 1243 1985 δς
1265 1901 1305 1995 δή

135 2039 199 2104 σφι
220 2013 335 2098 σχεδόν
357 2014 460 2097 ἐστιν,
489 2011 541 2083 ἐπ’
565 2011 668 2108 ἤματι
688 2018 816 2097 πάντας
841 2012 997 2084 όλέσθαι.
1039 2018 1184 2086 Alteram
1205 2017 1307 2103 signi·

135 2126 319 2191 ficationem
339 2127 489 2193 vocabuli
510 2121 616 2205 πόνος
636 2129 664 2194 si
686 2129 758 2214 quis
777 2132 871 2214 putet
892 2127 1037 2194 adhiberi
1058 2148 1154 2213 posse
1174 2126 1203 2190 is
1225 2147 1307 2209 quo·

136 2254 202 2317 quo
235 2255 268 2298 se
295 2236 427 2300 verterit
458 2258 525 2300 non
552 2237 649 2302 faciet
680 2239 718 2301 ut
745 2258 818 2301 cum
844 2237 988 2322 proxime
1016 2235 1227 2321 sequentibus
1253 2233 1308 2298 bic

135 2363 248 2406 versus
269 2341 448 2407 cohaereat.

604 2515 834 2525 ---—--....

1324 2740 1355 2789 75

404 2753 547 2840 Φόβος,
569 2761 805 2844 φοβεῖσθαι,
829 2756 1040 2850 φέβεσθαι.
1318 2812 1373 2879 (89)

190 2923 256 2987 Hs
276 2947 439 3009 νιιιιιφιιαιιι
460 2925 600 3011 uiuendo}
622 2927 681 2991 scd
700 2927 849 3016 βαηιαιδί
864 2929 947 2994 notio
969 2925 1060 3012 apud
1077 2927 1250 2992 Homerum

611 3034 751 3100 subiecta
770 3049 826 3101 est.

219 3194 371 3278 Apollon.
403 3196 463 3262 lex.
491 3197 586 3262 Hom.
614 3222 645 3284 p.
673 3205 733 3268 832
758 3192 973 3286 Ἀρίσταρχος
1000 3193 1220 3285 σεσημείωται
1254 3193 1307 3264 ὅτι

136 3298 290 3388 ’συνήθως
321 3297 429 3387 φόβος
464 3300 521 3369 ἐπὶ
545 3307 602 3392 τῆς
629 3308 744 3395 φυγῆς.
791 3309 994 3375 Aristonicus
1022 3312 1054 3370 Z
1078 3315 1117 3376 41
1140 3301 1305 3394 φοβέοντο

137 3405 222 3492 πρὸς
246 3402 349 3472 πόλιν
375 3396 459 3497 ᾗπερ
486 3405 520 3477 σί
547 3405 663 3479 όίλλοιε
694 3407 727 3501 (ἦ
754 3413 871 3504 διπλῆ)
898 3410 951 3482 ὅτι
978 3408 1051 3481 ἀντὶ
1075 3417 1134 3480 τοῦ
1154 3408 1306 3500 έφεογσν·

137 3512 196 3582 ε’πὶ
219 3509 337 3581 τοότοο
364 3514 427 3602 γὰρ
459 3510 512 3584 ἀεὶ
536 3516 596 3610 τὴν
621 3517 711 3601 λέξιν
735 3516 880 3609 τίθησιν.
924 3527 954 3588 Ε
971 3529 1032 3592 223
1064 3517 1096 3612 (ἡ
1119 3521 1234 3611 διπλῆ)
1255 3516 1308 3588 ότι

136 3621 234 3690 τοῦτό
259 3619 330 3689 έστι
353 3622 392 3690 τὸ
414 3621 550 3712 ,,φόβον
563 3618 688 3714 ’Ἀρηος
709 3621 922 3715 φορεσόσαςίῑ
944 3633 991 3719 <B
1011 3631 1087 3717 767>
1108 3628 1167 3718 τὴν
1188 3625 1223 3695 ἐν
1242 3652 1308 3695 πο-

137 3727 229 3818 λέμῳ
257 3727 372 3822 φυγήν.
421 3731 480 3799 καί
510 3729 564 3800 ότι
592 3732 631 3801 τὸ
665 3737 854 3823 φοβεῖσθαι
880 3735 936 3805 καί
966 3735 1138 3828 φέβεσθαι
1166 3733 1224 3803 ἐπὶ
1247 3738 1307 3801 τοῦ

137 3833 426 3926 φεόμεινὍμηρσς
438 3837 584 3929 τίθησιν,
608 3834 669 3908 οὐκ
684 3841 741 3910 ἐπὶ
761 3847 822 3911 τοῦ
835 3844 920 3912 κατὰ
941 3845 1051 3937 ψυχὴν
1074 3842 1178 3924 δέους.
1212 3848 1252 3911 Λ
1266 3854 1304 3912 71

137 3947 189 4029 (cf.
216 3948 246 4012 Θ
262 3952 349 4033 107).·
371 3940 405 4036 (ἦ
420 3947 536 4038 διπλῆ)
559 3946 612 4018 ὅτι
626 3946 736 4040 φόβον
748 3950 807 4041 τὴν
822 3949 943 4041 φυγήν·
957 3945 1005 4021 ’δν
1020 3951 1057 4020 δέ
1069 3948 1165 4044 ἡμεῖς
1185 3950 1303 4041 φόβον,

138 4049 214 4132 δέος
234 4051 334 4139 λέγει.
375 4060 420 4121 Μ
437 4065 477 4126 46
497 4060 615 4143 ταρβεῖ
635 4052 712 4125 oddo*
734 4062 909 4148 φοβεῖται·
936 4048 968 4150 (ἦ
991 4061 1109 4149 διπλῇ)
1132 4056 1185 4128 ότι
1207 4053 1245 4125 οὗ
1267 4056 1306 4126 τὸ

137 4154 217 4227 αὐτὸ
233 4157 387 4249 σημαίνει
409 4157 451 4229 δι’
468 4157 678 4254 ἀμφοτέρων,
703 4159 791 4232 ἀλλὰ
816 4167 873 4234 διὰ
893 4166 954 4254 μέν
973 4173 1034 4236 τοῦ
1050 4170 1166 4254 ταρβεῖ
1187 4162 1305 4244 δέδιεν,

137 4258 272 4355 δημεῖς
289 4273 455 4358 φοβεῖται,
478 4271 536 4337 διὰ
559 4270 596 4338 δέ
616 4277 677 4340 τοῦ
699 4279 858 4361 φοβεῖται
880 4271 1004 4363 φεύγει.
1043 4274 1135 4362 λέγει
1155 4265 1213 4341 οὖν
1234 4270 1307 4341 οὔτε

137 4373 246 4442 δέδιεν
272 4371 347 4443 οίίτε
375 4374 498 4466 φεύγοι.
542 4386 578 4445 Ν
600 4390 659 4450 471
686 4377 719 4470 (ἡ
741 4381 859 4472 διπλῆ)
888 4381 941 4451 ὅτι
966 4379 1233 4451 δντιδιέσταλται
1258 4384 1306 4469 τῷ
