3008 4980
216 293 277 355 212
400 283 444 338 111.
470 280 511 338 De
528 278 682 339 Aristarchi
699 277 815 339 scientia
831 280 1009 354 antiquitatis
1025 278 1200 342 Homericae

215 448 336 534 μάτων.
372 452 528 518 Macrobii
550 452 691 516 narratio
712 452 792 516 haec
813 455 862 516 est
875 451 938 517 VH
952 457 981 535 3,
1001 458 1038 520 13
1059 450 1306 536 (exPlut.ll1‚
1323 456 1383 534 12):

215 560 315 642 „Cum
330 561 416 644 regis
431 560 575 639 libertus,
596 559 636 623 ad
652 581 751 624 novas
766 559 892 624 divitias
906 582 1009 644 nuper
1021 564 1154 640 erectus,
1175 560 1384 646 philosophos

217 668 257 732 ad
279 668 459 732 convivium
481 671 711 752 congregasset
738 670 770 731 et
790 665 952 731 abradendo
972 689 1079 731 mam
1097 668 1277 732 maumas
1297 691 1384 753 queue

215 776 330 839 athaes
345 775 425 841 scire
440 798 474 840 se
494 775 573 839 velle
595 775 735 852 dixisset,
757 795 813 838 cur
835 795 874 838 ex
894 773 987 858 nigra
1008 778 1041 839 et
1061 796 1101 839 ex
1121 773 1197 839 alba
1216 774 1294 839 faba
1313 774 1383 859 pul·

134 890 206 962 (219)
217 886 363 948 mentum
376 883 471 948 unius
487 882 602 948 coloris
613 883 734 963 edatur,
748 881 892 946 Aridices
906 881 1119 965 philosophus
1133 881 1269 966 indigne
1280 881 1382 946 ferens

216 989 267 1055 Tu
281 990 374 1055 nobis
389 990 497 1074 inquit
514 988 672 1067 absolvas,
694 1010 751 1053 cur
772 993 805 1053 et
826 989 865 1053 de
887 988 967 1053 albis
990 993 1023 1053 et
1042 988 1145 1074 nigris
1165 988 1244 1053 loris
1267 989 1382 1054 similes

216 1097 357 1162 maculae
384 1097 586 1183 gignantur‘.
633 1095 723 1161 Haec
744 1118 804 1161 nos
826 1096 923 1160 ducat
942 1097 1083 1161 narratio
1105 1096 1147 1161 ad
1166 1096 1383 1161 conditionem

216 1205 508 1290 grammaticorum,
529 1227 593 1288 qua
615 1207 647 1268 et
663 1204 734 1287 ipsa
754 1202 875 1267 factum
897 1207 954 1286 est,
973 1207 1011 1268 ut
1031 1203 1118 1269 haud
1138 1202 1233 1269 facile
1252 1206 1384 1287 possent

151 1326 200 1377 215
217 1312 296 1377 haec
309 1311 490 1397 principum
505 1311 678 1396 crepundia
692 1310 838 1376 abiicere.
872 1310 1003 1376 Scilicet
1015 1332 1108 1396 reges
1123 1332 1163 1376 ex
1177 1333 1243 1395 quo
1257 1310 1384 1390 Museis,

215 1419 423 1497 mercedibus,
439 1418 617 1484 honoribus
635 1418 741 1483 studia
756 1421 789 1482 et
811 1418 953 1483 eruditos
974 1418 1127 1482 fovebant
1146 1419 1385 1483 sustentabant

217 1550 293 1611 que,
320 1527 407 1591 haud
433 1548 505 1590 raro
534 1529 567 1589 et
588 1525 701 1590 doctos
724 1529 756 1589 et
777 1524 955 1590 doctrinam
977 1523 1038 1588 sibi
1060 1523 1268 1590 delectationi
1290 1529 1383 1609 atque

217 1634 313 1698 etiam
326 1633 466 1698 ludibrio
489 1654 557 1698 esse
572 1632 752 1698 voluerunt.
787 1630 853 1715 Ipsi
867 1631 1055 1711 Ptolemaei,
1075 1631 1257 1696 litterarum
1278 1632 1383 1696 studio

216 1743 384 1824 tantopere
398 1739 447 1803 illi
461 1739 591 1818 laudati,
612 1739 653 1805 ab
667 1740 727 1804 hac
742 1761 826 1803 noxa
839 1738 1089 1823 haudquaquam
1110 1743 1276 1804 vacarunt:
1297 1737 1383 1804 velut

215 1848 395 1912 Diodorum
417 1846 559 1912 Oronum
589 1847 791 1912 dialecticum
820 1850 853 1911 et
873 1845 1037 1912 Sosibium
1067 1845 1314 1932 grammaticum
1334 1845 1383 1910 his

218 1955 336 2020 derisui
358 1953 457 2018 fuisse
480 1976 519 2018 ex
538 1954 635 2040 Diog.
656 1954 708 2019 La.
730 1953 775 2033 H,
798 1952 856 2032 HI,
883 1953 1004 2020 Athen.
1024 1952 1069 2018 XI
1089 1977 1121 2038 p.
1143 1958 1203 2021 493
1231 1952 1383 2040 cognovi·

217 2085 298 2127 mus.
340 2060 459 2126 Postea
488 2084 560 2126 cunr
581 2061 719 2126 Romam
744 2062 922 2146 migrarent
946 2060 1077 2145 plurimi
1107 2063 1204 2144 atque
1226 2060 1384 2125 nobilium

217 2169 436 2234 Romanorum
451 2169 485 2233 in
501 2167 647 2234 domibus
669 2171 879 2245 versarentur,
900 2190 958 2252 pro
980 2189 1057 2254 rege
1077 2189 1143 2232 uno
1163 2166 1275 2232 multis
1297 2167 1383 2252 regi-

217 2277 278 2341 bus
309 2276 367 2358 (sic
392 2275 478 2340 enim
503 2298 536 2340 se
560 2275 621 2340 dici
642 2274 806 2357 volebant)
836 2275 1029 2353 serviebant,
1058 2277 1092 2339 et
1117 2297 1213 2359 saepe
1238 2297 1280 2340 ne
1301 2275 1383 2339 natis

219 2383 361 2468 quidem,
384 2383 440 2447 sed
458 2383 563 2461 factis,
590 2383 646 2449 sed
667 2383 830 2448 servitutis
853 2404 917 2465 qua
937 2386 1132 2448 emerserant
1152 2380 1287 2448 maculis
1309 2404 1383 2447 con·

218 2513 344 2576 spers1s.

300 2706 319 2789 ἓ
341 2712 369 2771 5.
406 2703 504 2784 Satis,
525 2709 613 2789 puto,
636 2727 819 2770 caussarum
841 2704 1038 2790 collegimus,
1060 2704 1176 2788 quibus
1199 2706 1384 2789 quaestiun-

218 2813 307 2878 culae
325 2813 406 2878 istae
429 2812 531 2877 cultae
554 2812 797 2896 celebrataeque
819 2812 893 2878 sint.
929 2812 1149 2877 Romanorum
1168 2811 1304 2878 florente
1325 2814 1385 2877 im-

218 2921 307 3004 perio
329 2920 498 3003 praecipue
513 2919 654 3004 viguisse
676 2920 754 2985 satis
777 2942 815 2984 ex
834 2919 1037 2997 testimoniis,
1059 2919 1176 3003 quibus
1195 2920 1246 2984 usi
1268 2942 1385 2999 sumus,

219 3030 359 3110 apparet.
404 3026 448 3091 Et
474 3026 569 3110 plane
594 3026 671 3090 huic
690 3027 737 3090 rei
759 3030 1021 3105 consentaneum,
1049 3026 1135 3109 quod
1155 3026 1385 3110 imperatorum

218 3134 438 3199 Romanorum
453 3133 651 3217 temporibus
664 3133 726 3197 hoc
736 3134 828 3218 quasi
843 3156 1003 3198 summum
1014 3137 1046 3199 et
1057 3133 1265 3217 praecipuum
1279 3154 1385 3219 gram·

219 3242 328 3305 matici
357 3262 474 3305 munus
503 3239 703 3324 postulatum
732 3243 829 3324 atque
860 3241 1073 3327 efflagitatum
1104 3263 1173 3306 esse
1198 3241 1386 3320 invenimus,

219 3352 257 3412 ut
275 3371 399 3430 „omues
420 3362 616 3432 qaaestwaes
630 3347 734 3431 possit
755 3347 948 3415 desolvere<
989 3347 1042 3414 Sic
1063 3347 1229 3413 Tiberium
1251 3353 1285 3414 et
1305 3348 1386 3414 alios

218 3454 426 3539 imperatores
454 3454 611 3518 eiusmodi
636 3452 837 3538 problemata
857 3455 897 3519 iis
919 3455 1124 3539 proposuisse
1145 3455 1299 3541 legimus,
1319 3479 1386 3521 non

218 3561 304 3643 ioco,
331 3565 487 3645 quantum
513 3584 552 3626 ex
573 3561 758 3626 auctoribus
779 3562 962 3648 intelligere
984 3563 1147 3644 licet,.sed
1167 3564 1261 3629 serio.
1305 3562 1386 3630 Sue·

218 3667 327 3732 tonius
350 3668 388 3732 de
410 3667 532 3733 Tiberii
559 3668 674 3733 studiis
697 3691 829 3734 narrans
851 3672 890 3752 (c.
912 3674 977 3753 70):
1004 3671 1159 3749 „Maxime
1181 3674 1316 3750 tamen“‚
1335 3672 1387 3736 in·

219 3775 298 3859 quit,
312 3775 452 3853 „curavit
467 3775 617 3839 notitiam
631 3775 783 3840 historiae
797 3775 950 3841 fabularis
965 3800 1068 3863 usque
1083 3780 1123 3844 ad
1136 3778 1274 3862 ineptias
1288 3770 1387 3863 atque

219 3881 367 3947 derisum.
402 3881 487 3946 Nam
503 3885 535 3946 et
550 3884 784 3966 grammaticos,
807 3884 893 3968 quod
908 3904 1010 3968 genus
1024 3886 1192 3951 hominum
1205 3887 1387 3971 praecipue,

219 3992 256 4053 ut
270 3989 415 4069 diximus,
431 3989 612 4073 appetebat,
637 3991 794 4056 eiusmodi
808 3990 874 4055 fere
890 3993 1133 4073 quaestionibus
1149 3995 1387 4078 experiebatur:

137 4098 209 4172 (220)
222 4096 310 4175 Quae
325 4101 427 4161 mater
440 4095 606 4161 Hecubae:
628 4097 722 4176 Quod
737 4097 858 4163 Achilli
872 4119 991 4163 nomen
1005 4100 1091 4166 inter
1104 4102 1245 4187 virgines
1259 4101 1388 4168 fuisset:

221 4204 304 4283 Quid
332 4205 459 4271 Sirenes
490 4207 617 4269 cantare
649 4206 714 4270 sint
745 4206 883 4271 solitae“.
930 4207 979 4272 De
1005 4208 1169 4275 Hadriano
1198 4206 1388 4293 Spartianus

221 4335 246 4377 c.
262 4319 314 4382 20:
334 4313 447 4397 „Apud
465 4311 692 4377 Alexandriam
710 4313 744 4377 in
765 4313 878 4379 Museo
899 4315 1015 4380 multas
1038 4316 1241 4400 quaestiones
1262 4317 1389 4401 profes·
