3008 4980
434 349 458 398 3.
482 344 560 415 φρὶξ.
583 345 706 413 τλήμων.
731 348 844 416 σχεδον.
867 345 960 402 πάλιν.

619 675 781 762 Τλήμωυ

138 852 298 914 numquam
318 828 466 893 τοτἐωωυν
485 826 651 914 ω’ρωῄίεσί,
671 826 730 890 sed
748 827 864 892 durum
883 829 1058 912 laborisque
1074 828 1254 912 pauentem.

198 997 227 1056 K
246 999 306 1062 231
329 986 361 1079 (ἡ
379 992 493 1078 διπλῆ)
516 985 569 1058 ὅτι
589 985 735 1080 τλήμονα
757 986 790 1057 οἱ
812 985 964 1075 νεώτεροι
985 989 1042 1057 τὸν
1063 984 1173 1079 ἀτυχῆ,
1199 987 1217 1057 ὃ
1241 988 1277 1056 δὲ

118 1103 252 1186 Ομηρος
270 1095 328 1165 τὸν
347 1093 509 1185 τλητικόν,
534 1095 592 1164 τὸν
612 1091 864 1184 ὑπομενητικόν.
906 1100 989 1166 Item
1010 1101 1126 1169 Ε676.
1157 1104 1188 1161 (ί)
1206 1105 1276 1168 436.
1287 1103 1357 1168 (100)

111 1210 188 1275 Non
199 1213 274 1294 eget
285 1208 415 1294 egregia
425 1208 606 1296 observatio
617 1208 668 1272 vel
678 1208 954 1273 commendatione
966 1207 1018 1273 vel
1027 1208 1276 1273 confirmatione.

621 1580 766 1666 Σχεδόν
1292 1592 1321 1643 s1

111 1764 275 1825 νναωρυανο
294 1700 451 1826 είρωῂίοαε
466 1763 579 1824 paene,
600 1738 677 1823 fere,
697 1737 756 1802 sed
774 1739 870 1804 ίοοαίε
891 1739 1073 1803 adverbium
1095 1752 1148 1816 est,
1166 1762 1275 1826 prope.

194 1908 224 1968 P
240 1911 303 1974 202
329 1897 388 1983 οὐχ
414 1898 517 1981 οὕτως
542 1895 768 1988 παρείληπται
794 1896 839 1980 ὡς
869 1897 964 1992 ἡμεῖς
989 1899 1023 1967 ἓν
1052 1906 1092 1992 τῇ
1116 1898 1276 1992 συνηθείᾳ

110 2005 275 2095 τάσσομεν
297 2011 515 2088 διστακτικῶς
535 2007 573 2074 τὸ
595 2003 720 2091 σχεδόν.
766 2014 795 2073 Y
813 2017 873 2083 290
895 2011 951 2096 (V)
983 2005 1098 2092 σχεδόν
1124 2004 1196 2076 ἀντὶ
1216 2013 1276 2077 τοῦ

112 2115 215 2206 ἐγγύς,
239 2116 296 2185 καὶ
318 2112 376 2199 οὐχ
399 2112 444 2196 ὡς
464 2114 569 2203 ἡμεῖς.

633 2443 759 2516 Ποίλιν

359 2625 520 2686 nunquam
538 2626 651 2667 υωυωιε
669 2602 838 2689 sensificat,
859 2603 917 2667 sed
936 2617 1025 2668 retro.

193 2769 223 2830 E
241 2771 301 2836 836
328 2759 359 2853 (ἦ
383 2764 501 2853 διπλῆ)
527 2761 580 2832 ὅτι
601 2758 674 2831 ἀντὶ
693 2769 752 2832 τοῦ
774 2759 821 2844 είς
841 2759 999 2833 τούπίσω.
1042 2770 1072 2831 Ε
1091 2775 1150 2836 257
1171 2761 1277 2832 ποίλιυ

110 2865 219 2951 αὖτις·
241 2868 293 2938 ὅτι
308 2866 346 2939 οὗ
369 2871 407 2940 τὸ
429 2866 510 2938 αὐτὸ
530 2869 619 2958 λέγει
641 2871 699 2940 διὰ
718 2875 778 2938 τοῦ
799 2868 903 2938 πάλιν
924 2871 980 2939 καί
1002 2864 1104 2951 αὖτις,
1129 2867 1215 2938 ἀλλὰ
1236 2873 1274 2942 τὸ

108 2977 170 3064 μὲν
191 2971 283 3058 αὖτις
304 2973 377 3046 ἀντὶ
402 2984 460 3046 τοῦ
481 2973 599 3065 πάλιν,
623 2979 722 3047 τὸδὲ
746 2976 850 3046 πάλιν
876 2979 1017 3048 τοπικὸν
1043 2976 1117 3046 ἀντὶ
1142 2986 1201 3046 τοῦ
1228 2977 1275 3060 είς

107 3081 267 3156 τούπίσω.
307 3093 339 3150 Ζ
359 3095 417 3159 189
445 3086 478 3174 (ἦ
500 3086 614 3174 διπλῆ)
643 3086 731 3176 πρὸς
755 3087 793 3154 τὸ
814 3083 934 3167 πάλιν,
963 3084 1017 3155 ὅτι
1043 3083 1081 3155 οὗ
1105 3093 1273 3173 χρονικαῖς.

108 3200 129 3259 Ι
147 3203 187 3264 56
209 3191 246 3262 τὸ
269 3188 372 3261 πάλιν
400 3189 459 3262 οὐκ
483 3190 571 3262 ἔστιν
597 3192 634 3260 ἐκ
657 3192 809 3281 δευτέρου
832 3189 876 3274 ὠς
895 3190 1006 3284 ἡμεῖς,
1030 3190 1101 3261 ἀλλ’
1125 3191 1197 3264 ἀντὶ
1216 3201 1276 3264 τοῦ

108 3296 253 3385 ἔμπαλιν
279 3299 360 3391 ἐρεῖ,
390 3298 553 3382 ἐναντίως.
599 3309 633 3370 K
652 3311 712 3375 281
736 3299 768 3394 (ἦ
791 3304 910 3392 διπλῆ)
936 3300 989 3370 ὅτι
1017 3303 1054 3372 τὸ
1076 3299 1181 3370 πάλιν
1203 3299 1277 3371 ἀντὶ

108 3412 169 3476 τοῦ
190 3404 238 3487 είς
261 3404 420 3478 τούπίσω.
464 3418 525 3482 366
547 3406 579 3499 (ἡ
605 3412 718 3501 διπλῆ)
740 3407 792 3477 ὅτι
814 3410 876 3496 (τὸ)
900 3407 1004 3478 πάλιν
1025 3409 1208 3479 συναπτὲον
1228 3417 1276 3499 τῷ

107 3510 392 3607 ἀποστρέψοντας,
414 3519 469 3585 ἵνα
491 3510 512 3611 ᾗ
533 3515 581 3598 είς
600 3513 750 3586 τούπίσω
773 3514 1048 3606 ἀποστρέψοντας
1070 3523 1160 3605 (haee
1180 3543 1276 3586 voee-

107 3626 259 3692 bulorum
285 3629 501 3715 coniungendi
526 3629 609 3695 ratio
630 3628 723 3708 false,
752 3632 789 3694 ut
809 3628 915 3693 locum
936 3630 1118 3713 inspicienti
1139 3631 1276 3715 patebit3

107 3729 213 3796 πάλιν
234 3725 428 3814 ὀτρύναντος
449 3741 499 3802 est
520 3729 567 3813 είς
585 3729 734 3800 τούπίσω
758 3728 848 3819 ὀτρ.).
888 3739 928 3800 A
948 3743 1008 3805 326
1031 3731 1062 3822 (ἡ
1088 3736 1205 3824 διπλῇ)
1224 3733 1276 3802 ὅτι

108 3833 182 3905 ἀντὶ
197 3844 257 3906 τοῦ
273 3835 464 3926 timone-(1.
480 3835 602 3927 ὀπίσω)
617 3829 782 3923 ὁρμῶντες
796 3840 1064 3928 (παλίνορμένω),
1085 3839 1130 3920 ὡς
1151 3843 1276 3926 παλιμ-

109 3944 341 4032 πλαγχθέντας
362 3950 417 4036 <Α
438 3950 503 4035 59>.
548 3950 633 4016 Hine
658 3954 745 4016 reete
770 3951 932 4036 intelliges
953 3944 1059 4015 πάλιν
1079 3945 1200 4036 ποίησε
1221 3947 1275 4035 γε’-

108 4077 208 4138 ροντα
229 4081 257 4120 π
278 4064 338 4125 456
359 4058 381 4124 i.
401 4079 427 4123 e.
456 4080 513 4137 „ex
534 4059 647 4125 iuvene
668 4063 754 4124 retro
776 4059 912 4124 mutavit
932 4059 967 4124 in
988 4065 1129 4137 senem“‚
1150 4080 1218 4124 non
1238 4063 1276 4122 ut

109 4162 208 4229 schot
229 4164 281 4229 BL
303 4166 344 4230 ad
367 4169 402 4235 N
421 4171 449 4232 3.
489 4165 586 4231 Plura
607 4167 722 4231 addere
744 4186 811 4230 non
830 4187 973 4231 necesse:
1005 4168 1124 4232 etenim
1145 4189 1273 4232 accura-

109 4270 230 4336 tissime
258 4273 297 4337 de
324 4273 384 4336 hee
404 4294 481 4338 voce
504 4274 571 4359 egit
592 4274 772 4339 Passovius
812 4272 881 4337 Nec
903 4275 933 4334 B
953 4280 1013 4342 276
1036 4275 1136 4358 (quod
1157 4295 1273 4339 moneo

109 4381 240 4462 propter
268 4379 469 4445 Nitzschium
505 4380 602 4446 Beitr.
635 4404 691 4446 zur
718 4380 830 4446 Geseh.
867 4380 896 4445 d.
928 4403 975 4464 ep.
1004 4382 1118 4446 Poesie
1143 4403 1174 4466 p.
1201 4385 1272 4463 327)
