3008 4980
220 361 280 423 282
666 350 713 406 IV.
737 351 778 408 De
794 353 931 423 prosodia.

220 521 334 586 Titane
362 519 478 585 dicitur
499 542 616 586 nomen
637 521 801 601 habuisse,
828 512 935 605 Κριός
955 520 1049 587 Paus.
1071 521 1134 589 Vll
1155 527 1203 601 27,
1228 529 1279 598 113
1308 543 1383 586 nam

218 629 323 709 Κρῖος
347 626 516 693 Siebelisio
548 627 694 708 debetur,
729 630 767 694 ut
783 628 986 694 Hermanno
1012 629 1096 715 apud
1121 628 1288 712 Aristoph.
1315 627 1336 694 l.
1362 628 1384 693 l.

219 735 283 802 Sed
296 757 348 799 res
362 734 487 799 videtur
504 734 544 800 ad
557 735 717 818 liquidum
738 736 892 820 perducta
914 758 991 815 esse,
1012 736 1099 820 quod
1120 735 1193 820 plus
1216 738 1265 800 est
1287 757 1383 820 quam

217 844 251 908 in
272 841 323 907 his
336 842 433 907 rebus
454 843 613 926 expectari
636 847 772 927 poterat.
807 842 893 910 Nam
914 844 980 910 sive
1001 842 1035 907 id
1055 843 1089 906 in
1110 842 1167 907 tali
1188 864 1223 908 re
1245 864 1383 927 sequen·

218 951 294 1014 dum
308 952 410 1034 putas,
433 971 496 1033 quo
512 950 602 1015 codd.
617 952 827 1036 propendent,
849 943 954 1032 Κριός
968 949 1187 1031 scribendum3
1209 949 1277 1015 sive
1299 950 1383 1014 anti·

218 1056 362 1141 quissimi
382 1059 415 1121 et
437 1056 550 1141 optimi
572 1058 780 1143 grammatici,
802 1057 906 1142 qualis
928 1056 1132 1122 Aristarchus
1151 1055 1223 1134 fuit
1244 1056 1383 1121 aucuri-

216 1167 316 1229 tatem
338 1163 487 1229 omnibus
509 1164 597 1230 codd.
620 1164 779 1248 potiorem
802 1165 1126 1245 ducis‚'soribendum
1147 1162 1260 1245 Κριός.
1297 1161 1381 1229 Nam

135 1273 205 1344 (297)
217 1271 331 1356 ignoto
346 1271 458 1356 potius
470 1274 502 1336 et
521 1270 620 1358 longe
641 1271 821 1356 recentiori,
844 1273 1064 1359 ouius-vocem
1079 1271 1294 1357 Etymologus
1317 1293 1382 1337 ser·

216 1379 311 1456 vavit‚
333 1378 478 1444 addicere
493 1401 571 1458 sese,
592 1401 674 1463 quae
689 1379 771 1444 ratio
794 1383 863 1445 est?
883 1379 1014 1457 Eadem,
1034 1379 1149 1463 inquit,
1172 1390 1264 1463 quae
1276 1359 1382 1466 gram·

151 1498 200 1550 286
218 1486 325 1551 matici
339 1486 536 1571 Etymologi‚
558 1487 657 1563 Χῖος,
687 1488 796 1568 Θρῖος,
820 1488 918 1571 Kios,
940 1488 1041 1563 Πῖος,
1069 1489 1159 1563 Τῖος.
1198 1486 1279 1566 Hoc,
1302 1508 1381 1570 quae

215 1615 287 1658 mea
313 1594 351 1659 de
376 1588 562 1659 recensione
588 1597 735 1659 textuum
764 1577 873 1678 opinio
900 1598 961 1673 est,
986 1583 1101 1660 editori
1129 1592 1194 1659 iam
1215 1594 1381 1660 nonlicet

217 1700 333 1778 dicere3
363 1701 443 1766 mihi
463 1701 546 1768 licet.
588 1701 653 1768 Sed
680 1702 789 1767 statim
814 1701 962 1788 intelligo
985 1723 1067 1786 quae
1088 1701 1205 1787 purtim
1227 1703 1381 1768 adiectiva

216 1812 291 1873 sunt
304 1808 421 1893 partim
441 1831 513 1874 rara
534 1813 566 1874 et
587 1810 722 1875 barbara
742 1809 906 1888 vocabula
929 1831 1026 1893 quam
1049 1809 1225 1893 prudenter
1243 1809 1309 1875 huc
1330 1831 1379 1874 ar-

215 1916 330 1981 cessita
351 1916 424 1983 sint.
459 1915 528 1981 Imo
548 1917 628 1980 haec
646 1917 724 2001 ipsa,
746 1939 843 2002 quam
865 1915 1035 2001 conquirit,
1056 1916 1207 2001 analogia
1228 1916 1379 1981 admonet

215 2045 274 2089 nos
291 2026 323 2088 et
343 2023 395 2087 vix
415 2022 491 2090 licet
513 2024 658 2089 dubitare
681 2024 759 2108 quin
781 2024 885 2105 Κρῖος
906 2023 1084 2107 antiquitus
1098 2022 1227 2088 Graecis
1249 2022 1378 2088 auribus

215 2129 337 2214 aliquid
365 2131 522 2195 absonum
547 2131 733 2196 habiturum
757 2131 862 2197 fuerit.
907 2128 1000 2208 Quod
1026 2152 1084 2215 per
1110 2152 1144 2196 se
1168 2130 1276 2214 ipsum
1297 2129 1379 2196 valet

135 2253 137 2257 ’
215 2237 350 2322 aliquid;
379 2237 434 2302 sed
461 2239 629 2303 accedente
658 2238 834 2303 Aristarchi
864 2237 1053 2302 auctoritate
1081 2236 1167 2302 valet
1194 2236 1377 2321 plurimum.

213 2345 319 2410 Ardor
343 2366 419 2410 vero
446 2345 660 2430 quodcunque
683 2346 849 2431 proprium
875 2347 1009 2410 accentu
1036 2344 1306 2426 distinguentium
1331 2345 1377 2424 iis,

214 2474 295 2537 quae
321 2451 474 2536 proximis
494 2453 534 2537 ἐξ
561 2453 804 2538 disputavimus,
832 2473 995 2537 repressus
1023 2473 1092 2517 esse
1117 2451 1220 2517 debet.
1263 2451 1310 2517 Et
1329 2452 1377 2517 in·

213 2559 367 2625 olinamus
392 2563 430 2624 ut
448 2560 494 2624 in
521 2561 729 2627 substantivis
761 2560 868 2625 minus
899 2559 996 2624 etiam
1024 2580 1120 2642 quarn
1146 2558 1181 2622 in
1212 2559 1375 2624 adjectivis

212 2668 310 2732 moris
342 2667 440 2733 fuisse
469 2670 626 2752 putemus.
677 2669 776 2734 Caute
808 2667 888 2732 haec
919 2666 1088 2732 iudicanda
1115 2668 1199 2731 sunt.
1245 2666 1282 2732 si
1307 2667 1376 2752 quia

211 2767 363 2860 Στερόπη
389 2777 468 2858 (non
494 2774 677 2841 fabulosum
700 2780 827 2841 tantum
849 2795 968 2841 nornen
990 2775 1051 2851 est,
1076 2795 1105 2837 v.
1128 2771 1232 2839 Strab.
1254 2773 1284 2838 X
1306 2777 1375 2854 478)

211 2882 383 2965 protendet
398 2886 429 2946 et
442 2882 505 2947 hoe
520 2887 652 2948 accentu
669 2907 688 2948 a
707 2884 806 2948 subst.
825 2872 969 2966 στεροπή
992 2880 1178 2945 distinctum
1197 2880 1291 2961 dicet,
1312 2903 1376 2946 non

212 2987 429 3066 admittemus3
458 2981 608 3074 Στερόπη
631 2989 715 3054 enim
736 3012 803 3055 non
825 2989 945 3055 dictum
966 3011 985 3053 a
1005 2977 1152 3072 στεροπή
1157 3035 1165 3066 ,
1186 2987 1243 3054 sed
1265 2989 1376 3054 eodem

211 3095 307 3160 modo
333 3096 453 3160 factum
480 3099 518 3160 ut
543 3088 705 3180 Μερόπη,
731 3089 880 3181 ’Δρυόπη
910 3095 988 3179 (sch.
1013 3093 1106 3162 Pind.
1131 3093 1224 3178 Pyth.
1251 3093 1268 3160 Ι
1299 3101 1376 3180 121),

210 3195 400 3287 Καλλιόπη,
421 3203 485 3267 alia
506 3202 630 3269 similia.
672 3201 742 3268 Nec
768 3205 794 3268 si
825 3204 896 3288 quis
916 3195 1016 3288 Αὔγη
1037 3224 1096 3289 pro
1124 3205 1211 3268 certo
1230 3202 1375 3288 exemplo

210 3309 329 3390 afferet,
349 3311 426 3375 satis
441 3310 546 3377 valere
561 3310 781 3376 concedemus.
821 3311 934 3377 Potest
955 3311 1039 3377 enim
1060 3332 1132 3376 esse
1155 3311 1201 3391 (et
1222 3331 1285 3396 ego
1308 3333 1376 3377 csse

210 3417 358 3501 arbitror)
372 3417 475 3482 forma
485 3417 651 3482 muliebris
670 3417 747 3498 eius,
766 3418 821 3502 qui
837 3423 887 3484 est
900 3412 1044 3502 Αὐγέας,
1062 3422 1099 3482 ut
1116 3413 1241 3502 Πέρση,
1259 3411 1376 3505 Ἐρίφη

117 3594 118 3597 ¹
209 3524 333 3604 (Arcad.
354 3548 385 3609 p.
408 3533 474 3604 115,
496 3526 562 3607 28),
586 3519 701 3610 Ἵππη,
724 3516 839 3611 Λύκη,
869 3530 902 3592 et
923 3530 960 3592 ut
981 3525 1112 3590 omnino
1133 3525 1168 3588 in
1189 3547 1225 3610 η,
1252 3547 1323 3604 εια,
1347 3549 1377 3603 ις

209 3629 363 3695 feminina
395 3633 541 3698 adiacent
571 3631 755 3697 masculinis
785 3634 923 3717 propriis
950 3634 1104 3721 cuiusque
1130 3633 1375 3700 terminationis.

206 3727 314 3823 Ἰάκχη
340 3739 499 3824 nymphae
528 3761 646 3804 nomen
677 3739 720 3820 (h.
748 3740 816 3805 Cer.
844 3744 915 3824 419)
947 3763 1012 3806 non
1041 3740 1185 3825 profecto
1214 3744 1265 3805 est
1291 3741 1376 3806 idem

210 3845 296 3929 quod
312 3837 388 3933 ἰαχή
410 3845 473 3928 (vel
487 3837 597 3930 ἶακχη)
620 3851 744 3912 mutato
760 3850 902 3926 accentu,
926 3833 985 3912 sed
995 3846 1124 3913 mascul.
1138 3842 1279 3929 Ἴακχος,
1302 3848 1374 3915 fem.

207 3943 323 4037 Ἰάκχη.
364 3951 481 4019 Thesei
510 3957 613 4018 mater
633 3946 756 4036 Αἴθρα
784 3977 850 4020 non
875 3955 961 4022 idern
987 3959 1047 4033 est
1063 3977 1135 4020 cum
1157 3955 1275 4034 subst.‚
1301 3978 1376 4022 nam

208 4059 285 4137 hoc,
313 4060 398 4142 apud
417 4060 545 4127 Atticos
568 4082 709 4145 quoque,
736 4066 786 4127 est
807 4054 920 4149 αἴθρη.
962 4062 1000 4128 In
1027 4085 1057 4138 ις
1082 4066 1132 4127 est
1157 4085 1183 4128 e.
1207 4056 1376 4149 glosa

210 4168 316 4247 (masc.
329 4158 459 4252 ’Ἀνθης
480 4167 584 4234 Strab.
606 4166 682 4232 XIV
702 4193 731 4254 p.
754 4173 842 4253 656),
867 4163 1001 4254 ,Μύρτις
1021 4169 1086 4253 (hic
1108 4170 1193 4235 enim
1214 4175 1374 4250 accentus,

208 4277 246 4338 ut
266 4273 402 4354 videtur,
429 4275 643 4358 probabitur),
671 4269 787 4353 oltra
808 4276 929 4358 (Iambl.
951 4278 1004 4344 vit.
1026 4276 1119 4362 Pyth.
1142 4281 1223 4361 532).
1264 4278 1293 4344 Ε
1335 4279 1375 4344 ad

208 4380 270 4446 hoe
296 4401 398 4464 genus
419 4381 586 4446 nominum
605 4383 746 4467 pertinet
770 4376 917 4470 Φρόντις.
957 4383 994 4451 ll.
1014 4387 1045 4449 P
1062 4391 1107 4455 40>
1128 4378 1288 4467 ,Φρόντιδι
1311 4379 1374 4475 δίη.
