3008 4980
580 347 602 398 1.
624 342 667 399 De
683 342 852 399 accentibus.
1242 338 1301 401 253

134 512 254 578 aoristo
281 505 427 599 πέφνων.
469 512 522 575 Ad
542 513 572 575 P
594 517 654 580 539
675 506 912 597 καταπέφνωνε
943 500 1157 590 Ἀρίσταρχος
1181 500 1229 585 ὡς
1251 499 1304 568 τέ-

133 642 231 702 μνων,
260 618 312 684 'Ad
326 623 365 682 H
382 623 442 685 827
464 613 651 705 πέφνονιαε
673 614 718 697 ὡς
738 614 912 701 τέμνοντα·
936 610 1040 691 σύτως
1060 609 1117 677 καί
1132 606 1304 699 Ἀρίσταρ-

132 749 199 807 χος.
228 720 246 791 ὁ
270 721 307 790 δέ
325 719 512 810 Τυραννίων
532 718 712 810 παροξύνει
732 720 779 803 ὠς
799 717 956 808 λαβόντα,
982 713 1133 805 δεύτερον
1148 714 1304 809 ἀόριστον

134 825 356 915 ἐκδεχόμενος.
386 829 491 910 οὕτως
513 828 551 898 δέ
567 829 624 899 καί
644 831 705 919 τὴν
726 826 865 898 εὐθεῖαν
880 823 989 912 ὀξύνει
1003 832 1092 915 ,,κῆρ
1107 821 1204 910 άχεος
1215 832 1304 913 μεθ-

135 938 232 1028 έηκα,
266 935 416 1026 χερείονά
447 962 510 1025 περ
541 932 791 1029 καταπεφναίνίί
822 943 864 1024 (Ρ
886 943 973 1024 539),
1005 940 1063 1004 τοῦ
1089 929 1304 1022 Ἀριστάρχου

134 1042 341 1134 βαρύνοντος.
383 1042 442 1112 καί
464 1069 526 1130 μοι
554 1047 647 1113 δοκεῖ
673 1043 691 1113 ὁ
717 1041 905 1133 Τυραννίων
931 1040 1019 1132 λόγῳ
1040 1039 1127 1130 ὑγιεῖ
1143 1047 1304 1131 χρῆσθαι·

136 1151 166 1221 εἰ
199 1155 260 1242 γάρ
291 1151 408 1244 πέφνω
437 1151 578 1244 πέφνεις
609 1152 731 1244 πέφνει
763 1149 802 1221 ού
830 1152 982 1240 λέγομεν,
1013 1146 1244 1230 ύποτακτικῶς
1268 1148 1305 1216 δέ

136 1260 254 1352 πέφνω
277 1259 406 1352 πέφνῃς
426 1259 538 1352 πέφνῃ
559 1260 616 1328 καί
637 1258 771 1352 ,,πέφνε
785 1261 846 1347 γὰρ
858 1257 1077 1349 Ὀθρυονῆακ
1098 1263 1146 1346 (Ν
1157 1263 1230 1346 363)
1249 1257 1306 1325 καί

135 1366 205 1437 ἐστι
228 1364 377 1456 δεύτερος
399 1364 553 1456 ἀόριστος
573 1365 619 1449 ὦς
639 1365 739 1455 ἐλαβε
758 1364 851 1456 λάβω
875 1365 979 1458 λάβῃς
1003 1366 1097 1456 λάβῃ,
1127 1366 1231 1454 δῆλον
1252 1363 1305 1433 ὅτι

137 1472 318 1568 ὀφείλομεν
343 1475 400 1544 καί
428 1476 488 1566 τῆν
511 1477 653 1567 μετοχὴν
675 1473 810 1560 ὀξύνειν.
854 1473 872 1544 ὁ
899 1475 1037 1561 μέντοι
1055 1468 1307 1562 Ἀρίσταρχος

137 1585 203 1653 καί
223 1590 275 1672 τῷ
294 1589 512 1673 χαρακτῆρι
537 1593 606 1674 τῆς
628 1591 758 1675 φωνῆς
779 1580 951 1672 ἐπείσθη
972 1581 1039 1650 καὶ
1064 1579 1190 1660 οὕτως
1210 1576 1304 1665 ἐβά-

137 1717 262 1783 ρυνεν.
290 1691 365 1759 ἐπεὶ
383 1691 445 1779 γὰρ
467 1688 502 1758 αὶ
524 1688 571 1772 εἰς
591 1718 654 1759 νων
669 1690 831 1781 λη’γουσαι
844 1687 992 1777 μετοχαί,
1014 1686 1148 1772 ἔχουσαι
1164 1687 1232 1775 πρὸ
1247 1693 1307 1755 τοῦ

136 1828 155 1866 ν
175 1797 354 1891 σύμφωνον
378 1794 447 1867 κατ’
474 1797 677 1889 ἐπιπλοκῆν,
699 1796 778 1889 ῆτοι
800 1796 997 1886 ἐβαρύνοντο
1020 1791 1043 1885 ῆ
1063 1800 1303 1885 περιεσπῶντο,

137 1903 299 1976 οὐδέποτε
321 1906 357 1975 δέ
379 1903 555 1991 ὠξύνοντο,
585 1907 696 1993 ὥσπερ
723 1904 789 1990 ἔχει
809 1904 830 1998 ῆ
854 1905 989 1992 τέμνων,
1013 1899 1158 2036 κάμνων,
1182 1899 1307 1970 πίτνων

136 2019 277 2105 <πιτνων
301 2018 451 2085 Lehrsius
477 2041 551 2085 cum
578 2017 771 2104 Ιιολιευλτὶο),
803 2012 980 2100 ἐδοκίμαζε
1005 2012 1063 2080 καί
1088 2012 1149 2142 τῆν
1170 2008 1307 2102 πέφνων

135 2120 300 2210 βαρύνειν,
322 2120 393 2205 οὐχί
415 2118 550 2206 ὀξύνειν.
579 2120 609 2190 εί
636 2123 674 2191 δέ
686 2150 738 2204 τις
751 2121 858 2210 λέγοι·
883 2119 986 2191 dtd'
953 2148 986 2189 τι
1003 2121 1065 2208 γὰρ
1086 2115 1124 2190 σύ
1141 2123 1307 2209 περισπῆς

137 2229 422 2320 διδαχθῆσεταιέ
422 2258 443 2298 κ
471 2237 529 2321 τῆς
552 2229 702 2311 κλίσεως·
738 2226 776 2299 ού
808 2231 870 2320 γὰρ
901 2235 1091 2321 πεφνοῦντα
1121 2221 1308 2359 ἐροῦμενῆ

68 2395 71 2399 .
136 2364 314 2429 πεφνωντα
344 2364 390 2418 ως
414 2345 567 2406 νοοῦντα·
598 2337 702 2419 ούτως
730 2337 766 2406 δέ
794 2339 851 2406 καί
879 2335 941 2428 ῆι
927 2342 1001 2423 λβ)
1026 2336 1145 2425 μετοχῆ
1171 2330 1250 2428 (η’
1233 2356 1309 2413 ισας

135 2447 254 2535 μετοχὴ
287 2450 368 2516 coni.
394 2449 545 2515 Lehrsius
578 2449 649 2514 coll.
677 2449 831 2536 Apellen.
855 2450 923 2515 adv.
956 2448 1033 2534 587)
1059 2439 1234 2534 ἐβαρύνετο
1260 2446 1307 2530 τῷ

135 2559 318 2643 χαρακτῆρι
338 2553 395 2622 καί
415 2559 455 2646 τῆ
481 2554 634 2643 ποιάτητι
659 2559 719 2622 τοῦ
740 2551 912 2637 στοιχείου,
937 2549 976 2622 σύ
1002 2558 1042 2643 τῆ
1063 2549 1170 2620 κλίσει
1188 2556 1228 2642 τῆ
1248 2555 1308 2617 τοῦ

138 2661 324 2742 ἐνεστῶτος,
348 2658 459 2750 ὥσπερ
481 2656 703 2747 ἀπεδείξαμεν
715 2665 768 2732 1⁶².

218 2774 291 2838 Huc
315 2794 411 2857 porro
437 2771 603 2838 referimus
627 2765 751 2858 εἴρυτο,
776 2764 895 2838 εἴλυτο.
938 2771 1059 2837 Herod.
1079 2773 1118 2834 H
1135 2774 1197 2837 542
1214 2761 1306 2854 Ἀρί·
1319 2771 1389 2840 (265)

137 2899 275 2965 σταρχυς
299 2876 409 2965 τρίτην
438 2871 509 2946 άπὸ
535 2877 651 2958 τέλους
675 2877 736 2968 τῆν
757 2872 868 2960 ὀξεῖαν
889 2883 997 2956 ποιεῖ,
1029 2872 1129 2964 ὑγιῶς
1149 2870 1245 2943 πάνυ.
1289 2871 1306 2940 ὃ

138 2983 175 3051 δέ
200 2981 387 3072 Τυραννίων
407 2989 639 3074 προπερισπῆ,
664 2983 701 3052 ἐκ
725 2989 786 3051 τοῦ
807 2979 931 3071 είρύετυ
953 2981 1091 3075 φάσκων
1112 2977 1192 3050 αὐτὸ
1214 3001 1308 3070 συνη-

138 3092 290 3182 λεῖφθαι.
326 3088 464 3158 δύναται
486 3089 523 3158 δέ
543 3092 580 3160 τὸ
604 3087 712 3179 εἴρυτο
734 3091 854 3160 κλιθέν
876 3087 946 3159 άπὸ
968 3097 1034 3159 τῶν
1055 3087 1102 3171 είς
1121 3117 1161 3176 μι
1182 3086 1309 3175 ὁμοίως

137 3205 183 3286 τῷ
201 3195 380 3285 έζεύγνυιο,
402 3195 502 3287 ῆνντο
523 3204 644 3281 »θοῶς
666 3197 704 3266 de‘
725 3197 757 3267 oi
779 3196 879 3290 ῆνυτο
902 3197 1021 3288 ἔργον(
1043 3204 1072 3288 (ε
1086 3205 1161 3286 243)
1176 3192 1307 3266 ἐκτετά-

137 3312 230 3373 σθαι.
274 3305 377 3386 ούτως
403 3301 560 3394 ἀξιοῦμεν
585 3307 643 3375 καί
669 3307 726 3376 ἐπί
752 3315 810 3376 τοῦ
832 3304 941 3375 ε’ίλυτο
966 3311 995 3395 (ε
1014 3314 1088 3394 403)
1110 3306 1167 3374 καί
1188 3301 1307 3393 εἴρυτο.

137 3418 170 3479 Δ
192 3421 249 3485 138
270 3413 309 3482 τὸ
334 3412 371 3481 δέ
391 3411 485 3504 ἐρυτο
506 3417 671 3507 ψιλοῦται
691 3415 749 3485 καί
767 3410 1064 3504 προπαροξύνεται.
1101 3410 1303 3499 ούτωςἈρί·
1325 3427 1374 3479 251

135 3545 282 3605 σταρχυς,
307 3521 374 3590 καί
396 3520 566 3613 ἐπείσθη
589 3519 691 3611 αὐτῷ
711 3521 731 3614 ῆ
755 3520 990 3611 παράδοσις.
1016 3518 1172 3614 <δύναται
1195 3521 1230 3589 δέ
1252 3521 1309 3589 καί
1387 3522 1390 3529 ’

135 3634 438 3716 πρυπερισπᾶσθαι
451 3633 588 3700 inseruit
600 3633 752 3701 Lehrsius
767 3635 940 3702 Herodian.
961 3659 991 3721 p.
1006 3635 1084 3720 222)
1105 3628 1174 3699 ἐστι
1196 3627 1257 3719 γάρ
1275 3655 1308 3699 τι

134 3741 225 3826 ῥῆμα
248 3732 344 3824 είρύω
367 3733 468 3827 <ἐρύω
490 3764 569 3808 corr.
589 3741 767 3827 Lehrsius>.
810 3738 927 3810 τούτου
951 3739 970 3809 ὁ
993 3737 1218 3829 παρατατικὸς
1240 3764 1308 3806 πα-

202 3910 240 3950 162
256 3906 336 3973 Quod
357 3907 411 3963 hcc
432 3906 537 3963 scholio
558 3907 628 3964 fecit
643 3906 830 3976 Herodianus,
853 3910 907 3964 hoc
925 3909 1034 3980 saepius
1051 3907 1121 3964 fecit
1138 3909 1174 3980 (v.
1193 3911 1220 3963 Α
1237 3909 1308 3979 659).

135 3992 259 4048 Primum
285 3993 436 4048 concedere
463 3991 575 4048 videtur
602 3991 707 4047 rationi
732 4011 799 4049 sene
828 4012 885 4050 non
913 3994 1045 4050 obscurae
1073 3993 1309 4049 adversariorum:

136 4075 202 4133 dein
216 4078 327 4147 quaerit
337 4077 473 4148 ponitque
487 4075 556 4145 quid
573 4079 683 4132 secutus
700 4076 737 4132 sit
753 4077 938 4144 Aristarchus,
956 4078 1034 4132 cuius
1051 4077 1231 4149 prudentiam
1248 4094 1308 4148 per·

135 4164 272 4230 spexerat,
291 4161 336 4216 cui
353 4159 502 4231 perudcsin
518 4159 549 4214 in
565 4159 705 4231 plerisque
723 4160 922 4217 assentientem
938 4160 1099 4227 inveneret3
1123 4165 1152 4217 et
1168 4161 1212 4216 his
1229 4162 1309 4231 quasi

135 4245 297 4300 certioribus
309 4245 425 4301 ducibus
437 4246 621 4315 obtemperet.
651 4245 727 4301 Haec
744 4240 826 4316 punit
842 4249 872 4300 in
890 4245 1043 4302 catholice:
1064 4247 1196 4317 πέφνειν,
1208 4247 1308 4304 Arcad.

137 4335 194 4396 173,
212 4335 253 4386 20.
282 4328 403 4400 πέφνων
419 4331 458 4387 ib.
476 4334 534 4394 276,
552 4333 584 4384 22
602 4331 641 4399 (v.
660 4334 765 4399 quaest.
785 4348 827 4400 ep.
839 4350 867 4401 p.
882 4333 952 4400 118).
981 4329 1111 4400 intelligo
1129 4347 1214 4400 quam
1231 4334 1307 4386 recte

136 4413 319 4471 indicaverim
340 4432 424 4485 cupre
447 4415 481 4470 de
498 4413 611 4471 Icennie
628 4414 798 4484 Arcadiique
820 4414 958 4486 excerptis
981 4414 1090 4473 collutis
1106 4415 1142 4470 de
1160 4409 1308 4472 δοσοίσων.
