3008 4980
203 301 244 364 76
283 293 319 350 11
347 291 389 350 De
406 291 585 348 Aristarchea
600 291 800 347 vocabulorum
815 289 1026 347 Homerieorum
1043 289 1287 362 interpretatione.

203 455 298 547 φόβῳ
319 457 358 526 τό
379 454 489 546 ἔμενε,
515 456 553 540 ἐξ
571 447 612 526 οὗ
632 455 739 545 σαφὲς
758 454 812 525 ότι
832 452 852 526 ό
873 453 984 547 φόβος
1001 456 1061 548 την
1081 454 1190 546 φυγὴν
1209 455 1375 544 σημαίνει.

201 569 373 635 Praeterea
390 570 432 635 ad
452 571 483 632 B
503 575 572 636 767.
593 569 624 631 Ε
641 573 713 636 252.
732 571 765 629 Ζ
782 573 852 636 278.
877 568 908 631 Θ
928 572 997 635 139.
1020 574 1088 637 149.
1107 570 1142 630 Κ
1157 574 1230 636 510.
1250 569 1375 636 A121.

205 682 272 744 173.
290 682 361 745 402.
389 679 434 739 Μ
455 684 520 743 144.
548 678 585 737 Ν
601 683 673 743 471).
703 677 822 743 0666.
853 678 883 737 P
898 683 968 743 597.
989 681 1059 742 667.
1090 678 1122 738 Φ
1141 682 1213 742 575.
1235 681 1305 744 606.
1342 679 1377 738 Χ

204 790 272 851 111.
286 790 357 852 250.
391 783 553 869 Egregius
565 782 662 847 huius
677 784 911 849 observationis
931 805 1010 848 usus
1030 782 1093 848 fuit
1112 783 1148 847 in
1169 781 1375 848 diiudicanda

200 891 341 957 lectione
361 895 391 954 Σ
407 897 483 959 247:

284 995 319 1076 ές
345 992 375 1062 δ’
401 990 524 1085 άγορίγν
544 990 703 1081 ἀγέροντο
725 1001 864 1081 (Τρῶες)
886 992 996 1081 πάρος
1023 990 1169 1081 δόρποιο
1189 992 1373 1080 μέδεσθαι.

285 1099 401 1190 ὀρθῶν
422 1099 455 1169 δ’
479 1098 645 1171 ἑσταότων
666 1099 770 1193 άγυρν)
793 1098 905 1189 γένετ’,
926 1098 1007 1170 οόδέ
1025 1126 1077 1182 τις
1096 1098 1174 1190 ἔτλη

285 1209 438 1292 ἕζεσθαι·
485 1207 614 1291 πάντας
654 1210 717 1296 γὰρ
758 1207 811 1292 ἔχε
851 1207 1013 1296 τρόμος,
1057 1205 1161 1277 οὕνεκ’
1202 1205 1376 1292 Ἀχιλλεὺς

284 1317 426 1407 ἐξεφάνη
448 1358 499 1387 -.

200 1430 341 1495 Arietem
367 1430 400 1495 h.
424 1431 447 1496 l.
476 1422 616 1510 τρόμος·
652 1423 841 1514 Ζηνόδοτος
867 1420 976 1517 φόβος
1003 1431 1127 1506 κακῶς,
1160 1420 1291 1512 ἀγνοῶν
1322 1425 1376 1496 ὅτι

202 1531 311 1621 φόβος
340 1534 409 1602 έστί
434 1530 513 1601 καθ’
532 1533 683 1622 Ὅμηρον
708 1529 727 1624 ν)
753 1533 837 1617 μετὰ
868 1531 965 1614 δέους
989 1529 1088 1624 φυγή.
1122 1532 1178 1600 διὸ
1204 1529 1225 1622 ἡ
1259 1535 1375 1625 διπλῆ.

201 1644 284 1711 Item
305 1648 339 1708 K
361 1653 399 1714 10

327 1743 374 1828 dig
391 1745 500 1815 πυκίν’
524 1747 560 1815 ἐν
580 1745 759 1838 στήθεσσιν
780 1742 999 1832 ἀνεστενάχιζ’
1020 1742 1238 1833 Ἀγαμέμνων

326 1852 461 1922 νειόθεν
481 1853 518 1922 ἐκ
539 1853 688 1943 κραδίης·
709 1855 890 1942 τρομέοντο
912 1855 952 1924 δέ
975 1851 1008 1923 oi
1028 1855 1146 1946 φρένες
1162 1852 1265 1937 ἐντός.

201 1967 417 2033 Aristonicus:
450 1960 502 2032 ὅτι
529 1961 716 2051 Ζηνόδοτος
748 1961 872 2055 γράφει
899 1962 1080 2055 φοβέοντο·
1111 1962 1170 2032 τὸν
1200 1961 1238 2030 δέ
1265 1958 1378 2053 φόβον

202 2066 307 2138 εἴωθε
332 2069 442 2157 λέγειν
458 2068 609 2160 Ὅμηρος
628 2072 686 2162 τὴν
704 2071 789 2156 μετὰ
811 2076 918 2162 φυγῆς
939 2068 1111 2141 δειλίασιν.
1150 2066 1320 2156 ἐλέγχεται
1341 2069 1378 2137 δέ

136 2173 223 2254 (90)ὁ
248 2175 436 2267 Ζηνόδοτος
461 2175 659 2266 ἁμαρτάνων
686 2179 723 2246 ἐκ
749 2184 809 2247 τοῦ
839 2173 907 2266 „dg
929 2174 961 2245 δ’
990 2178 1099 2260 οὕτως
1120 2175 1301 2246 Μενέλαον
1325 2174 1378 2260 ἔχε

201 2282 349 2374 τρόμος(ι
372 2292 413 2374 (τ.
434 2294 496 2375 25).
517 2328 558 2336 -
582 2293 613 2353 P
630 2298 700 2359 607.
736 2290 882 2376 Fugiunt
901 2289 1025 2376 Argivi,
1046 2296 1117 2358 596.
1139 2299 1172 2357 7:

153 2409 185 2460 ἰο
370 2393 462 2482 νίκην
480 2394 517 2462 δέ
541 2389 691 2483 Τρώεσσι
712 2392 818 2476 δίδου,
843 2392 990 2484 ἐφόβησε
1012 2389 1042 2461 δ
1062 2390 1228 2477 Ἀχαιούς.

368 2507 500 2587 πρῶτος
520 2502 697 2591 Πηνέλεως
718 2496 884 2580 Βοιώτιος
904 2494 981 2590 ἦρχε
1002 2499 1138 2589 φόβοιο,

202 2636 299 2698 quam
329 2613 523 2698 Argivorum
548 2613 676 2699 fugam,
704 2611 920 2678 Troianorum
945 2612 1113 2677 victoriam
1142 2635 1239 2697 porro
1265 2635 1377 2699 perse-

203 2721 320 2806 quitur.
355 2720 399 2785 Et
414 2722 453 2786 de
468 2720 681 2786 Troianorum
700 2719 780 2805 fuga
801 2719 893 2786 nullo
914 2721 1011 2786 modo
1034 2720 1169 2806 cogitari
1191 2742 1297 2804 posse,
1317 2721 1375 2787 ubi

205 2827 328 2894 Hector
342 2830 427 2911 (605)
448 2828 612 2894 Idomenei
634 2828 765 2913 quidem
785 2827 879 2894 hasta
901 2828 1088 2913 percutitur,
1108 2828 1165 2893 sed
1182 2826 1311 2908 frustra,
1329 2828 1378 2892 ita

205 2940 243 3000 ut
267 2935 301 2999 in
325 2936 425 3000 lorica
450 2936 559 3000 sedeat
581 2936 814 3022 frangaturque
843 2935 972 3014 hastile,
1001 2939 1068 3000 tam
1094 2935 1299 3020 perspicuum
1324 2935 1377 2999 fir·

204 3065 357 3127 mumque
372 3046 421 3107 est
437 3042 517 3106 haec
531 3042 654 3125 legenti
668 3048 706 3109 ut
726 3045 765 3109 de
787 3043 867 3109 falsa
889 3043 1091 3128 quorundam
1110 3041 1251 3107 lectione
1272 3065 1301 3106 τ.
1315 3047 1376 3110 607

204 3150 273 3215 iure
301 3172 359 3215 suo
390 3149 534 3214 acerbius
561 3149 714 3216 iudicium
744 3151 932 3236 pronuntiet
960 3149 1128 3236 Didymus.
1169 3148 1378 3215 Aristarchea

202 3256 300 3323 lectio
322 3256 354 3321 h.
376 3279 405 3322 v.
428 3259 478 3321 est
1374 3273 1380 3283 ·

348 3359 383 3428 ἐν
404 3363 516 3449 καυλῷ
537 3355 568 3426 δ’
592 3354 673 3448 ἐάγη
694 3360 829 3444 δολιχὸν
851 3357 1017 3448 δόρυ·τοὶ
1040 3356 1072 3428 δ’
1096 3356 1239 3447 ἐβόησαν

300 3482 304 3490 ’
351 3474 474 3551 Τρῶες·
498 3464 517 3538 ὁ
540 3463 573 3534 δ’
597 3471 743 3556 (Hector)
762 3464 950 3560 Ἰδομενῆος
970 3464 1123 3539 ἀκόντισε
1144 3510 1195 3538 -.

204 3578 290 3656 Quid
313 3580 345 3644 h.
367 3580 385 3644 1
406 3579 563 3663 Didymus
591 3579 625 3642 in
651 3579 734 3644 libro
764 3581 802 3645 de
828 3580 1007 3646 Aristarchi
1036 3580 1176 3646 editione
1206 3583 1376 3664 notaverit,

202 3686 266 3752 hoc
286 3686 383 3753 modo
406 3687 573 3752 traditum:
604 3681 708 3763 οὕτως
729 3681 766 3750 δέ
786 3680 897 3767 μόνως
918 3685 1017 3774 φησὶν
1039 3680 1057 3755 ὁ
1081 3684 1233 3770 Δίδυμος
1252 3685 1286 3753 ἐν
1307 3691 1379 3766 τοῖς

203 3791 440 3875 διορθωτικοῖς
465 3791 527 3860 τοί
554 3786 586 3858 δ’
616 3789 797 3879 ἐβόησαν·
829 3787 1045 3880 ἀβέλτερον
1071 3793 1143 3880 γὰρ
1164 3791 1312 3873 τελέως
1332 3793 1376 3861 τὸ

201 3895 263 3965 τοί
284 3892 316 3963 δ’
339 3891 558 3987 ἐφόβηθεν·
581 3893 619 3967 οὗ
640 3898 702 3986 γὰρ
719 3895 906 3989 φεύγουσιν,
927 3895 1014 3968 ἀλλὰ
1031 3897 1218 3970 διώκουσιν.
1241 3900 1298 3969 καὶ
1319 3898 1378 3968 ἐπί

201 4003 399 4092 Πατρόκλου
425 4005 463 4075 τὸ
490 4004 625 4091 όμοιον·
659 4004 743 4086 „dai
772 4002 804 4073 δ’
833 4002 906 4089 ἴαχε
933 4008 1015 4088 λαὸς
1041 4003 1170 4075 όπισθε
1201 4002 1377 4093 Τρωϊκός“

203 4117 296 4197 (723).
331 4115 401 4182 Nec
429 4117 462 4179 A
482 4123 544 4186 456
575 4117 792 4183 dubitabimus
816 4118 993 4184 Aristarchi
1020 4119 1139 4184 iudicio
1167 4120 1376 4188 subscribere.

203 4222 387 4309 Legebatur
410 4226 443 4289 et
461 4222 649 4310 legebamus
671 4247 731 4290 nos
752 4227 786 4289 in
809 4224 986 4291 Wolfiana:

368 4318 414 4406 δίς
434 4336 497 4394 τῶν
515 4326 726 4415 μισγομένων
746 4326 856 4415 γένετο
879 4325 955 4421 ἰαχή
972 4355 1008 4398 τε
1029 4330 1136 4421 φόβος
1156 4356 1200 4398 τε.
