3008 4980
212 313 252 375 28
492 307 513 360 1.
539 306 581 362 De
598 305 723 360 fontibus
742 305 886 360 doctrinae
904 304 1104 359 131313το1333.

211 473 291 538 Uter
316 474 378 538 fide
406 473 535 557 dignior
563 474 605 539 sit
633 475 660 538 si
686 476 720 539 in
746 475 930 540 universum
952 473 1172 548 iudicandum,
1198 470 1305 555 palma
1325 471 1385 534 tri·

215 582 340 645 buenda
359 581 506 664 Didymo.
548 581 632 647 Nam
656 583 685 646 is
712 582 814 646 multo
840 581 985 666 pluribus
1007 602 1085 644 usus
1108 583 1158 644 est
1176 578 1328 643 subsidiis
1351 581 1384 642 et

213 688 399 753 accuratius.
442 688 643 755 Aristonicus
675 712 735 755 nec
761 688 863 754 libros
889 684 942 769 (τὰ
967 680 1216 769 συγγράμματα)
1244 685 1385 769 inspexit

165 756 173 845 1
212 817 272 859 330
299 794 376 859 alias
402 796 559 861 editiones
585 797 810 882 inveniturque
840 797 875 859 in
901 795 941 859 iis
970 794 1132 858 erroribus
1161 793 1272 870 fixisse,
1302 813 1384 875 quos

212 902 368 986 Didymus
390 903 518 967 scholae
546 926 667 968 errores
692 905 777 968 dicit.
817 902 928 967 Talem
954 901 1216 966 scholasticorum
1242 920 1383 963 errorem

148 1005 248 1075 (32113
273 1009 411 1074 lectione
437 1006 541 1091 μέγας
561 1011 643 1086 Ζεύς
668 1014 695 1073 Β
721 1019 776 1078 111
762 1012 931 1077 13013311
956 1010 1176 1095 Didymusta
1157 1006 1297 1071 atest'
1287 1028 1322 1068 m
1345 1027 1382 1069 eo

214 1139 320 1182 errore
335 1117 424 1182 Arist
410 1119 546 1197 tonicus,
561 1121 591 1181 B
607 1126 675 1185 111.
697 1121 718 1179 I
732 1124 778 1186 18
813 1117 889 1183 Non
908 1118 1103 1183 conveniunt
1089 1115 1157 1179 tde
1172 1112 1383 1197 explicatione

213 1224 418 1289 Aristarchca
440 1228 469 1288 Β
493 1232 551 1293 125
574 1227 657 1307 (vide
678 1248 764 1290 nunc
786 1247 868 1310 quae
891 1225 955 1288 dixi
978 1224 1018 1288 ad
1039 1223 1257 1288 Aristonicum
1271 1219 1383 1284 Fried-

213 1333 356 1397 laenderi
378 1355 416 1397 30
438 1332 530 1415 loco).
557 1369 598 1381 -
623 1333 708 1398 Loco
730 1337 769 1395 Π
787 1340 847 1400 467
875 1332 1041 1397 miraberis
1064 1354 1160 1415 quam
1180 1328 1384 1394 Aristonicus

215 1462 344 1505 securus
369 1441 423 1519 sit,
456 1441 513 1505 ubi
539 1441 696 1526 Didymus
722 1440 927 1505 Aristarchea
952 1462 1018 1504 non
1043 1461 1113 1502 3333
1144 1436 1195 1501 vel
1224 1457 1383 1501 essenon

214 1570 308 1632 posse
331 1547 503 1613 extricavit.
543 1548 629 1613 Hinc
659 1548 754 1612 simul
776 1547 959 1632 colligimus
981 1549 1068 1627 (3333
1091 1545 1208 1609 diserta
1229 1567 1267 1608 ea
1289 1544 1328 1608 13
1348 1566 1384 1608 re

214 1654 399 1719 testimonia
424 1676 490 1719 non
518 1658 607 1733 sunt,
636 1677 695 1719 330
722 1655 804 1719 alter
828 1654 966 1718 alterum
993 1653 1034 1717 ad
1053 1656 1161 1736 partes
1183 1655 1287 1732 vocat)
1310 1651 1384 1716 Ari-

214 1762 374 1826 stonicum
406 1760 525 1826 librum
555 1784 649 1827 suum
681 1762 844 1846 scripsisse
876 1764 1049 1845 antequam
1076 1760 1207 1844 Didymi
1239 1781 1320 1844 opus
1349 1759 1384 1822 in

213 1867 330 1952 vulgus
353 1868 475 1932 editum
496 1873 589 1935 33331.
632 1868 705 1934 Ηο0
727 1891 835 1954 opere,
860 1869 887 1934 si
908 1869 972 1932 iam
993 1871 1062 1932 tum
1085 1868 1284 1944 innotuerat,
1309 1865 1386 1930 Ari·

214 1975 357 2039 stonicus
388 1997 495 2040 carere
525 1998 591 2040 303
623 1977 732 2061 potuit
762 2000 822 2042 nec
849 1976 1025 2061 quidquam
1054 1975 1189 2039 adeius
1215 1974 1385 2039 consilium

214 2081 427 2158 commodius3
447 2083 604 2168 Didymus
620 2089 740 2163 contra,
758 2085 846 2169 ipsos
860 2084 967 2149 fontes
982 2084 1100 2160 adiens,
1122 2081 1296 2146 Aristonici
1310 2082 1385 2147 bre-

214 2189 313 2254 viario
330 2190 458 2254 carebat
477 2190 638 2256 facillime.
675 2190 780 2258 Nobis
799 2191 967 2275 utriusque
991 2213 1088 2275 opera
1106 2189 1218 2273 quanti
1239 2188 1386 2253 facienda

215 2297 257 2362 sit
284 2319 445 2380 quamque
472 2302 565 2383 grato
594 2300 788 2384 accipiamus
819 2299 925 2363 animo
952 2297 1161 2362 indicavimus
1184 2296 1269 2361 satis.
1312 2294 1385 2359 Hoc

214 2408 323 2468 tamen
338 2404 406 2468 iure
421 2409 557 2483 utemur,
574 2408 661 2490 quod
675 2407 781 2492 ipsum
795 2406 1011 2490 disputatione
1026 2408 1137 2470 nostra
1146 2402 1385 2481 vindicavimus,

214 2514 253 2576 31
273 2534 313 2575 33
339 2512 420 2577 13103
449 2513 579 2597 quidem
605 2514 700 2578 laude
730 2515 861 2578 minime
887 2512 1122 2577 defraudandos
1149 2513 1294 2574 auctores
1317 2509 1386 2573 sine

216 2640 321 2684 errore
351 2641 420 2684 esse
447 2621 482 2685 iu
504 2621 709 2686 Aristarchea
736 2621 882 2685 doctrina
908 2619 1112 2702 lectioneque
1140 2617 1297 2682 tradenda
1317 2639 1386 2681 me-

215 2749 410 2792 mmerrmus

299 2931 319 3006 ξ
343 2934 390 2995 10.
428 2927 577 2992 Ceterum
603 2950 685 3011 quae
706 2927 852 3011 Didymi,
880 2947 963 3010 quae
984 2924 1161 2988 Aristonici
1187 2926 1284 2989 30133
1310 2926 1387 2990 3331

216 3034 251 3097 13
272 3034 341 3098 301
362 3033 488 3098 Veneto
511 3034 603 3099 facile
624 3036 805 3119 produntur
825 3034 993 3117 utriusque
1016 3031 1121 3114 operis
1144 3031 1287 3096 consilio.
1325 3032 1387 3096 Aa

217 3145 325 3205 tamen
355 3143 404 3205 est
429 3142 486 3206 ubi
516 3163 582 3206 303
603 3142 706 3227 possit
727 3142 798 3206 fieri
818 3146 856 3206 ut
876 3145 1012 3224 uterque
1035 3141 1258 3225 distinguatur.
1302 3137 1388 3203 Nam

218 3253 251 3314 et
273 3249 344 3313 aliis
370 3249 404 3313 in
426 3250 522 3314 rebus
544 3237 632 3313 haud
651 3271 723 3314 raro
752 3253 785 3313 et
809 3249 843 3312 in
870 3247 1069 3314 athetesibus
1096 3246 1291 3332 explicandis
1317 3268 1387 3310 333-

216 3356 348 3440 pissime
374 3356 541 3440 utriusque
570 3378 667 3440 opera
692 3356 853 3422 simillima
880 3359 955 3420 erat.
1003 3355 1075 3420 Hoc
1101 3355 1170 3439 ipse
1195 3353 1389 3480 epitomator

217 3463 345 3529 indicat.
384 3464 487 3530 11535
510 3487 595 3529 anno
596 3464 719 3529 tatione
735 3464 825 3528 Arist
810 3463 911 3528 tonici
931 3464 1038 3548 posita
1004 3462 1163 3528 taddit:
1137 3457 1225 3526 101
1249 3452 1333 3525 αὐτὰ
1352 3456 1390 3524 δὲ

187 3565 308 3654 λέγει
328 3567 483 3654 περὶτῶν
504 3565 621 3651 στίχων
641 3569 764 3636 τούτων
787 3595 805 3636 ο
796 3559 1018 3651 Δίδυμος
995 3594 1016 3633 α
1038 3566 1094 3636 καὶ
1114 3563 1133 3633 ὁ
1152 3561 1390 3652 Ἀριστόνικος

174 3689 206 3741 28
219 3669 334 3742 διὸ
297 3700 358 3742 ουκ
379 3672 574 3761 ἐγράψαμεν
600 3677 641 3743 τὰ
663 3673 827 3760 Διδύμοα
867 3682 894 3744 0
916 3680 1079 3748 Stratius
1102 3701 1120 3743 0
1108 3670 1331 3758 Λιόαμος
1313 3700 1332 3742 0
1358 3676 1391 3758 (l

219 3775 408 3912 ὅμοι’ωςῑῗ)
437 3779 653 3872 Ἀριστανίκῳ
684 3782 774 3869 λέγει
794 3783 873 3870 περὶ
898 3789 959 3871 τῆς
987 3789 1120 3873 γραφῆς
1148 3787 1206 3872 τῆς
1238 3780 1391 3850 11000οι

218 3895 258 3955 H
276 3899 337 3960 255
367 3887 478 3976 ὥσπερ
500 3890 557 3958 καὶ
579 3919 597 3959 0
586 3886 846 3977 Ἀριστόνικος
871 3884 1110 3982 ἐκτίθησιν,“
1088 3916 1128 3982 ην
1147 3888 1301 3977 περιττὸν
1322 3887 1393 3956 ἕνα·

217 3992 362 4081 cloaca
384 3993 523 4087 γράψαι.

288 4269 330 4311 12·
353 4267 465 4338 <Melius
486 4266 685 4322 Friedlacnder
706 4260 798 4324 ταύτὰ
818 4267 891 4336 (cod.
914 4252 980 4338 ταῦ)
1002 4267 1019 4322 1
1043 4267 1170 4332 Δίδυμος
1191 4268 1234 4337 τῷ
1251 4261 1301 4328 (310
1320 4261 1391 4327 cod,

219 4368 278 4406 non
296 4351 324 4423 ὁ)
341 4343 522 4425 Ἀριστονίκα)
540 4351 620 4421 λέγει
636 4346 709 4419 aab.)
